2482 3960
326 275 430 323 muna
447 275 675 324 unuoamnrs.
699 259 862 325 XLVI-
874 263 913 327 L.
1085 269 1123 331 31

260 477 263 481 ’
376 473 535 539 XLVIII.
567 474 631 539 DE
655 475 866 542 COMITIIS.

202 591 343 657 Comitia
365 593 515 657 dicuntur
537 615 557 657 a
579 597 733 659 comitatu
754 604 786 659 et
812 595 1009 682 frequentia,
1036 601 1148 685 quodi
1194 621 1196 626 ·

113 684 225 762 patres
257 685 289 739 et
317 676 437 740 classes
472 677 515 740 ad
543 678 698 762 suffragia
721 687 879 743 vocantur
911 681 1124 748 creandorum

113 760 363 842 magistratuum
384 759 438 822 vel
461 760 665 825 sacerdotum
686 782 794 825 causa.
840 762 1053 828 Comitiorum
1066 787 1149 835 aua

91 849 181 905 atem
199 843 321 927 triplex
337 844 419 906 ratio
438 850 503 906 est:
525 843 607 907 haec
624 846 763 926 curiata,
785 845 866 910 haec
886 845 1024 929 tributa,
1041 848 1123 914 haec

116 927 297 988 centuriata
318 924 484 1006 dicuntur,
514 928 590 1011 quia
610 935 666 990 aut
684 948 744 1012 per
762 930 883 1010 curias,
910 938 966 993 aut
987 953 1046 1016 per
1066 933 1122 996 tri·

113 1006 192 1089 bus,
218 1017 274 1072 aut
293 1030 353 1094 per
380 1010 542 1072 centurias
568 1009 783 1094 explicantur.
829 1010 865 1076 si
886 1014 1149 1090 translaticium

115 1092 159 1154 sit
179 1098 211 1154 et
231 1092 375 1172 solitum,
404 1090 444 1155 de
486 1113 529 1156 uo
556 1093 695 1177 populus
719 1094 781 1176 **‚
814 1096 946 1160 curiatis
969 1099 1122 1183 transigi-

113 1183 182 1237 tur:
207 1175 235 1237 si
257 1174 409 1259 amplius,
431 1113 579 1238 tributis:
610 1176 690 1238 siin
711 1197 835 1242 summo
854 1172 1040 1245 discrimine
1064 1188 1121 1263 est,

77 1264 185 1404 :opium
206 1255 299 1321 miles
326 1258 369 1322 ad
392 1256 549 1342 suffragia
573 1267 709 1323 vocatur
731 1269 763 1324 et
789 1262 920 1326 comitia
942 1265 1126 1328 centuriata

138 1341 276 1406 iountur.

176 1452 351 1525 XLVIIII.
393 1457 453 1519 DE
476 1456 631 1520 POPVLI
653 1457 818 1614 RgMANI
839 1458 1011 1520 DISTBIB
1019 1463 1062 1523 V·

511 1555 692 1616 TIONIBV
714 1600 721 1614 .

198 1666 435 1751 Antiquissima
461 1686 504 1750 po
526 1663 575 1728 uli
603 1664 743 1729 Romani
778 1663 963 1729 distributio
1000 1667 1144 1753 triplexl

77 1755 180 1830 mest,
213 1770 310 1834 quam
330 1747 488 1812 Romulus
504 1687 601 1812 lecit:
624 1749 660 1811 in
685 1768 812 1832 regem,
834 1748 869 1812 in
894 1756 1059 1832 senatum,⁴
1085 1752 1121 1814 in
1146 1782 1148 1786 ·

114 1831 285 1918 populum,
316 1832 372 1919 qui
392 1830 531 1917 populus
549 1832 585 1894 in
605 1839 672 1895 tres
692 1830 795 1895 tribus
818 1831 1039 1915 dividebatur,
1065 1833 1120 1897 Ti·

82 1981 85 1985 ,
114 1916 271 1997 tiensem,
302 1914 536 1997 Lucerensem,
570 1913 771 1978 Ramnetem.
834 1913 979 2001 Sequens
1007 1916 1147 2016 populia

115 1997 255 2062 Romani
281 1997 465 2063 distributio
490 1997 553 2062 sub
579 1996 694 2063 Servio
717 1996 825 2061 Tullio
844 2019 940 2081 rege,
990 2020 1121 2064 ursum

115 2080 152 2145 in
172 2081 293 2164 tribus,
327 2080 464 2163 aleses,
498 2081 661 2146 centurias
691 2080 803 2144 divisit
830 2089 863 2144 et
884 2020 1049 2145 distribuit
1068 2102 1120 2144 ra·

77 2166 203 2232 ratione
223 2185 355 2246 census,
378 2174 415 2229 ut
429 2165 569 2250 optimus
591 2171 624 2226 et
639 2163 713 2228 locu
736 2163 911 2226 letissimus
932 2165 1069 2249 quisque
1085 2165 1121 2226 in

115 2248 294 2333 suffragiis,
312 2248 348 2312 id
364 2256 414 2312 est
429 2248 464 2311 in
483 2269 519 2310 re
536 2244 668 2332 publica
684 2185 858 2333 plbrimum
874 2245 1009 2310 valeret.
1038 2246 1144 2311 Ter-3

113 2331 161 2394 tia
182 2331 301 2396 divisio
322 2331 427 2396 estin
448 2338 602 2416 patronos
624 2338 657 2393 et
679 2329 863 2411 clientelas,
889 2330 966 2414 quia
988 2329 1120 2393 inferio-

113 2435 166 2478 res
186 2417 389 2501 superiorum
406 2436 440 2479 se
462 2413 540 2478 fidei
564 2410 817 2477 committebant.

344 2540 384 2606 L.
427 2541 491 2605 DE
510 2538 656 2606 REBVS
677 2536 895 2604 PVBLICIS.

75 2682 104 2724 25
199 2651 321 2715 Rerum
336 2651 541 2737 publicarum
556 2654 621 2717 tria
635 2673 757 2752 genera
774 2659 863 2715 sunt:
880 2651 1021 2736 regium,
1039 2653 1119 2737 opti·

113 2744 252 2817 matum,
283 2735 449 2820 populare.
503 2736 571 2800 Aut
596 2758 682 2801 emm
708 2734 768 2800 sub
795 2754 910 2818 regum
937 2742 1012 2799 sunt
1055 2743 1119 2798 ote-

115 2827 215 2901 state‚
246 2827 282 2882 ut
303 2817 451 2884 Seleucia
477 2818 685 2884 Parthorum:
715 2827 771 2883 aut
795 2825 942 2898 senatus,
966 2826 1004 2882 ut
1068 2839 1119 2881 as-

114 2902 189 2965 silia
217 2901 400 2966 Gallorum:
433 2911 490 2968 aut
521 2924 557 2967 se
588 2903 652 2989 ipsi
678 2909 812 2986 regunt,
838 2908 876 2964 ut
900 2899 1118 2964 Athenienses
1163 2968 1166 2973 ,

115 2985 274 3049 solebant.
318 2985 381 3048 Est
403 2994 435 3050 et
474 2995 604 3050 uertum
624 3007 745 3072 genus,
767 2983 854 3070 quod
875 2981 1015 3046 Romani
1035 3004 1119 3048 oom-

79 3072 216 3134 amenti
237 3077 327 3151 sunt,
351 3076 388 3132 ut
409 3090 452 3133 ex
470 3104 471 3108 =
492 3069 520 3132 is
538 3068 642 3134 tribus
664 3090 766 3132 unum
786 3066 968 3130 efficerent:
995 3087 1071 3130 nam
1088 3074 1121 3130 et

112 3153 239 3236 regiam
256 3159 449 3237 potestatem
470 3152 620 3216 consules
642 3151 778 3232 habent,
801 3159 833 3214 et
853 3170 953 3235 penes
972 3157 1119 3214 senatum

112 3235 242 3298 consilii
257 3234 380 3320 publici
397 3256 521 3301 summa
532 3243 599 3318 est,
617 3243 650 3299 et
664 3234 758 3320 plebs
776 3231 875 3297 habet
891 3232 1119 3319 suffragiorum

110 3325 314 3402 potestatem.

513 3528 718 3541 *uu—.—
