2482 3960
128 215 167 276 14
501 227 595 274 uvcu
613 229 769 288 suerrus,

83 379 245 445 110imon
273 379 355 460 dux,
386 400 441 461 qiu
469 377 601 441 Persico
627 377 713 442 bello
737 378 859 441 Xerxis
882 381 1006 463 copias,
1057 377 1130 443 ede·

127 464 202 526 stris
234 462 328 525 simul
357 471 452 547 atque
481 462 624 542 navalis,
652 463 687 523 in
714 463 787 546 ipsa
813 461 895 524 Asia
916 462 1004 546 apud
1025 401 1132 546 dury-

87 545 280 609 12medonta
305 544 441 608 fluvium
462 565 526 605 uno
548 545 601 607 die
622 545 712 607 vicit.
756 542 944 608 Alcibiades
968 543 1050 625 dux,
1079 546 1132 606 vir

126 650 261 713 genere,
290 649 327 691 eo
351 629 398 708 ia,
422 626 538 711 opibus
557 626 710 708 illustris,
733 629 789 713 qui
807 649 867 774 pro
891 636 941 690 ter
963 627 1132 690 detrunca-

125 723 177 775 tos
210 720 305 774 nocte
368 711 510 773 ercurios
541 731 616 772 reus
648 710 753 774 faetus
786 732 805 773 a
885 711 1155 774 aeedaemonioss

127 795 273 877 confugit
294 792 373 856 Pelo
398 794 534 856 ennensi
554 791 656 874 bello,
680 803 727 875 et,
749 816 822 857 eum
843 794 975 857 fecisset
997 815 1052 857 eos
1081 815 1132 856 su·

126 879 286 962 periores,
323 815 527 940 addictorum
554 877 686 939 civium»
703 878 854 940 misertus
885 878 982 942 rediit
1014 879 1051 939 in
1075 897 1132 960 pa-

125 961 236 1040 triam,
269 967 301 1022 et
334 958 402 1023 dux
436 968 563 1022 creatus
595 960 713 1023 iterum
740 962 881 1024 victores
912 959 1132 1022 Athenienses

85 1056 118 1106 12
129 1045 216 1106 fecit.
268 1041 508 1126 Thrasybulus,
540 1044 596 1126 qui
627 1043 762 1126 triginta
792 1044 1000 1127 magistratus
1029 1041 1131 1104 Lace-

128 1126 314 1189 daemonios
331 1125 515 1210 tyrannidis
533 1125 750 1189 dominatione
766 1127 939 1190 saevientis
955 1127 1042 1189 facta
1057 1146 1131 1188 eon·
1142 1147 1167 1188 ro

127 1211 286 1271 iuratione
314 1207 441 1272 adflixit
469 1216 500 1270 et
526 1206 711 1271 libertatem
738 1208 992 1273 Atheniensibus
1024 1208 1131 1272 reddi-

86 1293 186 1362 14dit.
234 1291 347 1354 Conon
366 1291 445 1372 dux,
491 1292 525 1354 ui
547 1312 657 1364 omnes
669 1291 1000 1356 Lacedaemoniorum
1021 1291 1131 1377 copias

127 1374 214 1458 apud
237 1374 378 1438 Cnidum
398 1313 538 1436 insulam
560 1375 646 1460 cepit
668 1384 699 1437 et
720 1376 889 1460 imperium
911 1376 1009 1438 maris
1031 1374 1131 1438 Athe-

85 1475 118 1525 15
128 1460 178 1519 nis
200 1459 352 1520 restituit.
397 1456 501 1536 Dion,
528 1457 584 1541 qui
606 1465 678 1520 octo
706 1459 863 1521 onerariis
890 1457 1028 1520 navibus
1051 1457 1130 1521 Dio-

126 1541 257 1625 nysium
294 1562 330 1606 re
356 1561 406 1602 em
439 1538 568 1604 Siciliae
600 1550 729 1604 eentum
759 1549 915 1605 rostratas
947 1541 1129 1620 habentem,
1141 1563 1163 1603 u

126 1623 203 1686 dum
230 1624 264 1685 in
285 1562 415 1685 Italiam
436 1622 544 1703 abest,
573 1645 674 1706 regno
702 1624 827 1710 expulit
848 1625 1011 1709 occupatis
1034 1622 1130 1708 Syra·

84 1720 116 1769 lo
127 1706 224 1769 cusis.
268 1705 471 1790 Iphicrates,¹
486 1707 535 1768 rei
550 1705 700 1770 militaris
715 1708 944 1805 peritissimus,
968 1708 1023 1792 qui
1041 1727 1132 1769 arma
1169 1756 1170 1761 1

84 1799 116 1848 17
127 1787 285 1851 habiliora
302 1789 455 1873 ,pondere
481 1797 512 1850 et
537 1789 633 1853 modo
664 1788 752 1852 fecrt.
807 1789 968 1869 Phocion,
997 1791 1053 1875 qui
1079 1791 1131 1855 vir

125 1872 230 1934 bonus
258 1873 503 1954 cognominatus
532 1881 594 1952 est,
620 1894 724 1957 neque
751 1872 819 1934 ulla
844 1875 983 1957 pecunia
1008 1894 1028 1935 a
1055 1872 1130 1935 Phi-

125 1953 214 2039 lippo
241 1955 347 2039 potuit
368 1954 536 2017 sollicitari
556 1964 594 2018 ut
614 1955 657 2018 ad
678 1976 750 2017 eum
773 1955 970 2019 diseederet:
996 1958 1052 2054 qui
1074 1955 1162 2018 adro

125 2036 330 2101 monentibus
348 2038 476 2118 amicis,
494 2046 531 2101 ut
542 2037 653 2101 liberis
669 2039 736 2100 suis
754 2038 952 2119 consuleret,
970 2046 1012 2103 ‘sr
1028 2039 1128 2119 boni,’

124 2121 243 2206 inquit,
267 2129 387 2203 erunt,
405 2121 458 2185 hic
476 2120 601 2206 agellus
619 2122 665 2184 eis
685 2119 841 2202 sufficiet3
865 2123 892 2184 si
909 2122 1000 2203 mali,
1017 2121 1128 2185 nihil?

84 2205 287 2269 rssChabrias
317 2205 397 2286 dux,
427 2207 481 2289 qui
509 2204 704 2288 gladiatoria
729 2212 798 2267 arte
819 2226 965 2289 pugnare
993 2205 1130 2268 militem

127 2289 250 2368 docuit,
280 2287 413 2373 Cypron
434 2296 465 2350 et
483 2287 602 2351 Naxon
629 2297 660 2350 et
682 2309 793 2352 omnes
818 2288 981 2352 Asiaticas
1005 2287 1128 2352 insulas

123 2369 261 2433 Athenis
286 2372 450 2451 adiunxit,
481 2379 512 2433 et
533 2373 620 2434 circa
643 2370 748 2435 Chion
775 2371 886 2435 navali
907 2371 994 2435 bello
1023 2371 1127 2436 occidi
1135 2394 1160 2434 rs

86 2452 238 2517 lemalmt
259 2474 356 2538 quam
377 2454 511 2517 abiectis
534 2455 632 2517 armis
656 2463 797 2518 enatare.
840 2453 1028 2518 Demetrius
1045 2453 1128 2517 Pha·

123 2535 243 2616 lereus,
266 2538 321 2620 qui
339 2534 513 2600 virbonus
531 2537 733 2599 existimatus
751 2536 888 2622 ideoque
907 2537 947 2601 ob
966 2538 1129 2622 insignem

122 2619 278 2681 iustitiam
305 2620 419 2682 statuis
446 2620 600 2682 trecentis
623 2627 672 2682 est
693 2619 884 2701 honoratus,
914 2642 993 2706 quas
1018 2623 1048 2684 ei
1068 2642 1128 2704 pro

122 2699 271 2764 libertate
293 2710 471 2787 posuerunt
492 2703 526 2765 in
548 2701 568 2779 †
590 2701 674 2766 facie
696 2702 838 2787 publica.

328 2834 422 2898 XVI.
458 2834 605 2900 REGES
627 2835 927 2900 MACEDONVM.
1135 2851 1160 2891 so

101 2955 113 3003 1
209 2945 393 3031 Philippus,
411 2949 572 3035 Amyntae
588 2949 689 3030 filius,
704 2949 826 3034 primus
838 2947 1053 3012 Macedonum
1072 2948 1126 3013 ob-

122 3030 219 3092 tinuit
246 3028 417 3094 Thraeiam
445 3032 635 3118 redegitque
665 3034 699 3095 in
731 3053 823 3094 suam
851 3040 1060 3116 potestatem3
1095 3042 1128 3095 et

123 3132 195 3173 eum
213 3113 354 3175 transire
376 3115 411 3177 in
428 3115 541 3179 Asiam
562 3115 681 3197 vellet,
701 3114 760 3179 sub
778 3117 848 3199 ipso
870 3112 949 3177 belli
968 3123 1127 3201 apparatu

99 3195 159 3256 2in
191 3192 317 3258 theatro
351 3218 370 3258 a
399 3197 562 3262 Pausania
592 3209 640 3262 est
671 3197 870 3262 interfectus.
924 3197 1124 3280 Alexander,

123 3276 267 3362 Philippi
285 3287 316 3340 et
338 3279 378 3343 01
403 3281 541 3366 mpiadis
562 3282 666 3363 filius,
694 3303 737 3344 ex
756 3280 837 3343 urbe
859 3279 952 3343 Pella
971 3280 1158 3349 Macedo-ss

121 3360 195 3423 nise
216 3381 288 3426 oum
306 3383 369 3461 qua
392 3365 520 3447 raginta
535 3365 665 3429 milibus
682 3362 820 3426 militum
835 3364 870 3426 in
887 3363 1001 3427 Asiam
1020 3372 1124 3427 trans·

121 3445 215 3525 isset,
244 3441 381 3512 Darium
412 3466 523 3531 regem
544 3447 718 3513 Persarum
741 3448 892 3530 primum,
905 3457 983 3532 aput
1004 3447 1123 3512 Grani·
