2482 3960
127 218 146 280 8
488 230 581 276 nvcu
603 229 748 276 sunnon

100 393 214 451 oterra
235 381 341 445 oleum
367 382 510 444 scaturit.
555 382 653 465 Argis
681 380 716 442 in
740 380 865 443 Achaia
892 381 1024 447 Iunonis
1053 392 1131 449 tem·

100 466 214 552 7plum
235 464 407 548 magnifice
427 471 589 544 ornatum,
613 462 700 548 quod
715 462 844 547 asylum
857 474 985 528 vocant.
1019 466 1131 553 Olym-

100 549 199 634 spiae
217 557 283 611 tem
305 547 374 610 lum
386 547 476 610 Iovis
492 545 617 627 nobile,
636 545 694 609 ubi
711 545 852 610 athletae
866 548 1045 612 initiantur.
1070 549 1131 615 Co-

124 631 225 695 rinthi
239 570 395 693 balaenae
413 637 503 692 costa
522 639 571 694 est
585 649 704 712 magna
720 629 897 692 secundum
907 635 1011 712 mare,
1035 655 1133 719 quam

126 716 220 779 homo
241 713 412 810 complecti
425 733 491 776 non
509 720 626 797 potest.
672 711 798 776 Eodem
811 713 846 775 in
864 713 936 778 loco
954 713 1067 778 fanum
1082 725 1132 780 est
1153 743 1168 783 s

100 798 280 877 9Veneris‚
312 818 347 859 m
374 816 437 881 quo
469 816 527 859 vas
554 816 769 859 marmoreum
795 795 927 859 Laidos.
976 797 1133 863 Boeotiae

126 882 215 944 lacus
239 899 348 959 sacer,
375 877 433 942 ubi
453 877 672 964 Amphiaraus
694 878 869 942 devoratus
900 877 952 967 [in
977 901 1014 945 eo
1040 881 1132 970 lacu]

127 973 187 1028 est.
244 962 371 1027 Urceus
401 961 509 1025 fictilis
540 962 664 1025 fractus
703 961 825 1046 pendet
856 970 941 1026 testa
975 964 1061 1028 inter
1097 987 1134 1029 se

125 1047 320 1132 composita3
358 1045 446 1109 unde
471 1053 578 1108 autem
598 1044 738 1130 pendeat
759 1065 824 1108 non
845 1056 994 1131 apparet,
1021 1049 1087 1112 nisi
1113 1069 1134 1110 a

86 1145 118 1196 10
128 1139 225 1194 vento
247 1137 425 1192 moveatur.
457 1128 595 1192 Athenis
613 1128 780 1191 Minervae
800 1128 896 1191 aedes
917 1129 1052 1212 nobilis,
1076 1153 1129 1195 cu·
1142 1151 1167 1192 ro

127 1216 177 1277 ius
197 1212 239 1275 ad
254 1213 418 1275 sinistram
439 1211 563 1296 clipeus
584 1233 603 1274 a
626 1212 753 1296 positus
773 1232 869 1296 quem
888 1212 990 1296 digito
1010 1217 1132 1299 tangit:

126 1299 161 1360 in
188 1316 251 1382 quo
272 1295 376 1381 clipeo
398 1295 504 1358 medio
530 1233 672 1358 Daedali
695 1303 744 1357 est
765 1295 873 1378 imago
896 1296 943 1358 ita
963 1296 1132 1379 collocata,

54 1440 56 1445 .
127 1401 223 1466 quam
243 1380 271 1443 si
288 1379 360 1464 quis
380 1379 555 1461 imaginem
577 1399 594 1440 e
615 1377 718 1462 clipeo
732 1377 813 1440 velit
828 1377 957 1460 tollere,
980 1381 1065 1465 perit
1085 1389 1133 1444 to-

125 1474 195 1527 tum
217 1484 313 1549 opus3
342 1462 478 1525 solvitur
501 1463 587 1524 enim
609 1462 637 1524 si
683 1482 754 1523 um:
776 1461 849 1545 ipsa
868 1470 977 1524 autem
995 1462 1057 1526 dea
1077 1464 1134 1527 ha-

87 1565 116 1615 11
129 1547 185 1611 bet
205 1546 332 1609 hastam
353 1545 394 1608 de
419 1545 576 1629 gramine.
620 1543 681 1606 lio
703 1543 787 1629 lapis
804 1544 962 1629 quadrata
976 1545 1033 1611 ubi
1052 1546 1166 1613 Cas-rs

126 1629 246 1693 sandra
266 1629 329 1692 fnit
350 1628 498 1712 alligata3
528 1648 624 1713 quam
651 1628 680 1694 si
702 1635 776 1690 ante
797 1635 913 1711 tangas
934 1637 989 1692 aut
1014 1630 1134 1695 fricue-

125 1716 187 1794 ris,
216 1712 268 1775 lac
290 1711 449 1792 demittit3
479 1733 521 1774 ex
548 1709 650 1774 altera
678 1719 786 1773 autem
834 1719 903 1774 arte
930 1712 1080 1776 similiter
1105 1715 1135 1777 si

126 1797 234 1876 fricas,
257 1796 329 1872 iac
351 1795 379 1856 si
399 1790 591 1877 sanguinem
608 1794 753 1856 remittit.
799 1732 896 1857 111)er
917 1804 1024 1858 autem
1043 1818 1135 1860 mare

127 1880 183 1964 qui
210 1879 298 1942 locus
321 1876 490 1940 Rhoeteon
517 1885 668 1957 vocatur3
699 1875 745 1939 ibi
773 1886 821 1939 est
846 1877 985 1941 Achillis
1014 1890 1045 1943 et
1072 1879 1134 1942 Pa·

84 1960 221 2025 12trocli
242 1960 383 2024 tumulus
405 1968 437 2022 et
458 1959 578 2022 fiumen
595 1958 821 2023 Scamandros.
855 1960 990 2047 'Ephesi
1004 1962 1168 2026 Dianaero
1191 1987 1200 1999 ·

125 2045 238 2107 fanum
251 2043 504 2124 nobilissimum,
525 2044 702 2107 maximum
712 2042 1028 2131 pulcherrimumque
1044 2045 1133 2109 orbis

125 2138 294 2192 terrarum.
339 2125 479 2190 Introitu
505 2126 621 2190 dextra
647 2148 686 2190 ac
707 2127 840 2190 sinistra
864 2136 973 2212 postes
995 2151 1133 2192 marmo-

125 2214 174 2275 rei
194 2210 364 2276 monolithi
384 2210 473 2294 longi
494 2208 612 2273 cubitis
628 2211 761 2294 viginti,
782 2232 846 2295 qua
866 2233 962 2295 super
976 2212 1134 2296 templum

87 2314 116 2363 13
128 2316 264 2358 ascensu
294 2303 368 2357 sunt
395 2295 558 2371 †eentum
600 2293 795 2377 uadraginta
822 2292 921 2356 milia.
973 2293 1069 2359 Samo
1098 2296 1134 2357 in

125 2377 244 2477 templo
266 2378 400 2442 Iunonis
428 2385 477 2440 est
504 2316 646 2462 scyplus
674 2376 779 2440 factus
809 2398 851 2440 ex
876 2377 1010 2458 hedera,
1039 2379 1168 2442 cuiusas

126 2468 233 2546 capita
259 2461 346 2523 foras
371 2468 522 2546 quattuor
549 2461 687 2523 arietina
712 2481 832 2543 magna
854 2460 1006 2524 cornibus
1031 2462 1134 2525 mirae

85 2564 116 2611 ll
128 2544 359 2628 magnitudinis
376 2544 541 2607 contortis.
565 2541 724 2626 Pergamo
739 2564 796 2605 ara
810 2564 989 2608 marmorea
1004 2566 1132 2628 magna,

125 2627 192 2690 alta
211 2626 310 2713 pedes
330 2626 546 2712 quadraginta
571 2646 644 2688 cum
665 2625 815 2690 maximis
838 2627 1028 2711 sculpturis3
1059 2649 1134 2692 con-

87 2712 208 2776 lstinet
235 2719 343 2773 autem
374 2709 679 2793 gigantomachiam.
736 2709 815 2772 Rosi
848 2711 977 2793 signum
1004 2711 1134 2774 Dianae

126 2815 339 2858 marmoreum
360 2792 613 2891 pulcherrimum
635 2791 722 2877 quod
742 2800 806 2854 stat
826 2791 885 2855 sub
908 2793 983 2856 divo
1007 2792 1167 2882 [caelo],3o

85 2890 118 2941 16
128 2899 187 2940 nec
210 2898 282 2939 cum
301 2876 386 2962 plurt
408 2897 492 2960 aqua
512 2876 667 2960 tangitur.
712 2876 842 2960 Argyro
866 2885 914 2938 est
937 2877 1050 2939 fanum
1070 2877 1134 2940 Ve-

86 2967 92 2979 '
126 2961 213 3024 neris
236 2981 333 3045 super
352 2980 456 3022 mare:
486 2958 533 3021 ibi
554 2967 603 3022 est
627 2958 759 3022 lucerna
781 2980 819 3021 su
844 2981 879 3021 er
902 2959 1134 3023 candelabrum

126 3044 230 3129 posita
252 3041 362 3106 lucens
389 3043 431 3105 ad
453 3064 541 3105 mare
568 3041 628 3106 sub
650 3042 726 3105 divo
754 2980 882 3129 [melch
930 3064 1005 3106 uam
1027 3065 1134 3130 neque

126 3136 243 3189 ventus
266 3127 445 3209 exstinguit
466 3147 526 3188 nec
547 3126 659 3210 pluvia
680 3125 840 3210 aspargit:
874 3065 933 3188 sed
955 3135 986 3189 et
1008 3126 1134 3190 Hercu·

78 3221 80 3227 '
126 3209 167 3271 lis
186 3209 283 3271 aedes
306 3210 454 3295 antiqua;
482 3207 529 3272 ibi
550 3231 568 3272 e
590 3207 738 3271 columna
759 3208 879 3293 pendet
900 3230 1001 3273 cavea
1022 3210 1165 3275 ferreaas

126 3292 281 3373 rotunda,
310 3293 344 3354 in
371 3312 436 3377 qua
458 3291 610 3355 conclusa
631 3290 759 3376 Sibylla
780 3290 923 3355 dicitur:
953 3291 1005 3355 Ibi
1024 3295 1133 3357 iacent

85 3393 117 3443 17
128 3396 202 3439 ossa
218 3374 374 3439 balaenae
389 3376 482 3461 quasi
496 3374 620 3460 lapides
637 3375 796 3460 quadrati.
838 3375 1027 3459 Magnesiae
1044 3375 1133 3462 apud

126 3457 273 3545 Sipylum
296 3458 463 3523 columnae
487 3467 561 3522 sunt
582 3466 748 3544 quattuor:
777 3457 863 3522 inter
884 3457 942 3522 has
966 3459 1132 3523 columnas
