2482 3960
426 252 431 257 ι
483 179 578 228 avon
598 179 745 230 aarum}

396 364 458 428 111.
502 363 566 428 DE
590 361 837 427 SIDERIBVS.

85 505 101 556 1
198 481 333 546 Praeter
362 479 532 544 duodecim
565 480 660 562 signa
690 478 915 563 potentissima
942 477 1051 540 sidera
1084 479 1119 542 in

114 564 221 631 caelo:
253 564 490 649 septentriones
513 562 592 643 due,
621 563 724 625 maior
747 570 780 625 et
796 561 916 641 minor,
946 560 1003 645 qui
1026 582 1117 623 num-

112 670 209 735 quam
229 655 419 729 merguntur
440 644 578 745 ideoque
601 645 734 709 navium
755 665 868 707 cursus
890 651 1017 728 regunt,
1040 664 1118 729 quo-

110 754 183 796 rum
205 730 286 793 alter
310 728 481 814 Cynosura
502 728 631 800 dicitru.
675 727 812 809 Bootes,
836 726 924 791 idem
943 724 1144 790 Arcturuss

87 816 229 894 aOrion,
283 812 317 875 ui
346 811 569 896 magnitudine
599 831 657 873 sua
684 810 852 875 dimidiam
879 809 961 873 caeli
993 809 1118 874 obtinet
1150 871 1155 879 ,

134 905 245 960 artem.
309 894 422 975 liades,
440 915 523 979 quae
535 894 635 957 latine
647 893 815 976 Vergiliae
832 893 993 956 dicuntur.
1026 892 1118 978 Hya-

110 921 184 1060 des,
209 999 290 1063 quae
311 999 331 1039 a
347 976 441 1040 nobis
463 975 602 1041 Suculae
624 976 791 1057 dicuntur,
814 997 950 1061 quarum
973 984 1062 1039 ortus
1086 985 1118 1039 et

111 1083 245 1126 occasus
274 1082 294 1123 a
318 1062 426 1123 nautis
448 1069 480 1123 et
502 1059 544 1125 ab
566 1059 718 1143 agricolis
748 1057 974 1124 observantur.
1021 1057 1118 1123 Cani·

86 1144 199 1224 acula,
223 1144 381 1207 cuiusvis
404 1144 579 1228 praecipue
600 1142 737 1207 solstitio
760 1151 818 1206 est.
864 1141 985 1206 Stellae
1027 1151 1154 1206 olen-ro

109 1229 256 1292 tissimae
277 1228 311 1288 in
334 1225 423 1290 caelo
447 1236 523 1289 sunt
544 1236 683 1310 septem:
714 1224 889 1307 Saturnus,
917 1223 988 1306 Sol,
1035 1246 1115 1305 vuna,

110 1311 213 1391 Mars,
243 1309 441 1391 Mercurius,
473 1309 633 1395 Iuppiter,
666 1308 795 1390 Venus,
825 1330 908 1394 quae
934 1330 954 1370 a
979 1308 1117 1372 Graecis

109 1395 274 1479 planetae,
305 1414 325 1455 a
345 1392 441 1458 nobis
472 1393 629 1456 erraticae
659 1392 825 1474 dicuntur,
858 1393 934 1477 quia
961 1391 1003 1455 ad
1024 1391 1118 1455 'arbi-

109 1480 208 1541 trium
232 1498 325 1540 suum
346 1484 508 1559 vagantur
526 1483 558 1538 et
574 1484 664 1540 motu
689 1496 747 1538 suo
772 1475 938 1539 hominum
959 1475 1029 1538 fata
1049 1497 1117 1539 mo·

111 1561 279 1624 derantur:
302 1560 380 1621 item
402 1559 541 1629 adverso
562 1579 659 1621 cursu
678 1569 791 1622 contra
811 1557 937 1622 caelum
953 1558 1113 1621 feruntur.
1125 1577 1168 1619 u·

110 1690 190 1753 1111.
222 1687 387 1767 QVIBVS
405 1686 626 1752 PARTIBVS
645 1685 855 1752 SEDEANT
873 1687 1117 1754 DVODEOIM

275 1786 412 1852 SIGNA
432 1785 675 1852 DVODEOIM
696 1784 957 1876 VENTORVM.

193 1905 291 1976 Aries
307 1905 343 1966 in
363 1905 514 1984 africum,
543 1902 671 1966 Taurus
693 1904 729 1966 in
749 1903 896 1986 circium,
928 1903 1059 1968 Gemini
1081 1906 1117 1969 in

111 1987 309 2072 aquilonem,
341 1985 468 2051 Cancer
483 1988 530 2050 ‘in
556 1987 825 2132 septentrionem,
855 1985 924 2051 Leo
947 1988 981 2049 in
1010 1987 1115 2051 thras-

110 2073 210 2152 ciam,
227 2070 331 2154 Virgo
347 2071 383 2134 in
399 2079 565 2155 argesten,
617 2070 689 2135 ibra
707 2071 742 2133 in
758 2071 940 2156 zephyron,
960 2069 1114 2155 Scorpius
1121 2095 1147 2134 ao

109 2156 145 2217 in
167 2155 319 2235 africum,
344 2152 538 2238 Sagittarius
560 2155 595 2217 in
616 2163 762 2218 anstrum
778 2163 810 2218 et
826 2153 979 2236 africum,
1002 2152 1115 2240 Capri·

110 2259 227 2301 cornus
258 2237 293 2299 in
326 2246 485 2317 austrum,
519 2237 683 2322 Aquarius
718 2238 753 2299 in
784 2247 900 2301 'eurum
933 2246 964 2301 et
993 2245 1114 2319 notum,

109 2319 221 2383 Pisces
246 2321 281 2382 in
304 2335 432 2383 eurum:

437 2453 478 2514 v.
522 2452 585 2515 nn
607 2452 783 2541 urruns.

86 2589 99 2638 1
196 2567 295 2635 Venti
327 2571 409 2634 fiunt
432 2593 473 2634 ex
498 2573 584 2635 aeris
608 2581 696 2636 motu
724 2582 756 2636 et
781 2573 1008 2658 inclinatione,
1038 2585 1150 2640 suntrs

109 2663 217 2717 autem
234 2652 403 2738 generales
420 2662 586 2739 quattuor:
608 2677 719 2736 eurus,
738 2656 825 2721 idem
843 2658 1009 2743 apeliotes,
1027 2659 1115 2723 idem

108 2737 278 2800 volturnus
292 2735 333 2798 ab
345 2738 483 2800 oriente:
508 2737 549 2802 ab
572 2738 739 2802 occidente
756 2740 933 2826 zephyrus,
957 2741 1044 2804 idem
1062 2764 1114 2806 co-

108 2842 178 2901 rus,
199 2820 286 2884 idem
303 2821 470 2884 favonius:
493 2822 617 2907 aquilo,
641 2821 772 2903 boreas,
801 2825 962 2909 aparctias
985 2824 1073 2889 idem
1094 2847 1115 2888 a

108 2903 344 2986 septentrioner
376 2912 487 2985 notus,
515 2905 603 2968 idem
626 2903 688 2968 libs
711 2913 743 2967 et
764 2916 872 2970 auster
895 2917 927 2971 et
948 2907 1069 2971 africus
1094 2930 1115 2971 a

84 2986 255 3049 ameridie.
299 2985 346 3048 Hi
371 2995 445 3050 sunt
466 2996 618 3071 quattuor
647 2989 837 3072 generales3
868 2992 969 3053 ceteri
990 2993 1150 3075 specio-30

109 3068 157 3131 les
182 3068 427 3150 adscribuntur,
454 3078 491 3132 ut
517 3072 619 3156 iapyx
642 3070 799 3155 zephyro,
832 3074 888 3158 qui
907 3072 949 3136 ab
975 3072 1113 3159 Iapygio

108 3150 248 3235 Apuliae
274 3155 493 3236 promontorio
521 3153 594 3234 flat3
626 3153 815 3219 leuconotus
842 3165 934 3237 noto,
963 3178 1036 3220 cum
1065 3179 1114 3221 se·

109 3234 217 3297 renior
243 3233 317 3317 flat,
348 3237 464 3299 circius
495 3237 656 3335 aquiloni,
687 3240 760 3301 cum
787 3239 1009 3304 vehementior
1036 3239 1114 3304 Gal·

109 3315 323 3463 liastpterflat3
353 3319 430 3382 item
453 3327 586 3400 etesrae,
618 3319 787 3404 quietatis
811 3322 927 3386 diebus
954 3322 1034 3386 flant
1053 3343 1114 3409 per

114 3421 169 3462 aes
186 3422 206 3463 a
222 3421 280 3465 em.
1118 3426 1145 3466 as
