2482 3960
248 227 353 274 amna
373 225 601 274 unuoamms.
626 206 701 308 XV.
715 207 808 272 XVI.
823 206 935 272 XVII.
1060 214 1099 275 15

96 401 168 442 cum
198 377 346 457 fluvium,
379 385 448 440 tum
476 384 553 470 aput
576 375 685 439 Issum
708 373 858 456 Ciliciae,
890 377 985 438 tertio
1011 376 1097 461 apud

94 460 234 542 Arbela,
263 459 366 523 tribus
387 458 520 544 proelirs
538 466 684 522 trecenta
704 456 865 543 peditum,
893 458 914 535 's
933 458 1097 545 legionum

96 543 256 628 equitum,
290 542 353 605 duo
381 541 471 606 milia
496 541 688 606 falcatorum
710 561 862 604 curruum
883 542 973 605 vicit.
1016 541 1098 606 Mox

95 648 207 710 regem
234 625 389 688 Indorum
417 633 448 687 et
474 647 585 689 omnes
605 625 706 687 Asiae
733 631 847 706 gentes
876 624 936 687 sub
957 633 1097 708 potesta-

68 719 163 775 stem
190 729 282 771 suam
308 709 435 792 redegit
463 718 494 772 et
520 705 739 770 nobilissimas
760 705 858 770 urbes
879 707 979 770 Asiae
1003 711 1098 793 cepit,

96 790 215 855 Sardes
221 839 231 872 ,
253 791 386 871 Bactra,
413 788 510 871 Susa,
533 787 763 875 Babyloniam,
784 788 842 853 uhi
869 791 965 854 etiam
984 791 1097 855 defun-

93 884 164 938 ctus
185 886 241 950 est,
266 873 399 937 dubium
427 895 447 936 a
467 873 646 938 vinolentia
668 895 711 937 an
731 894 871 954 veneno,
895 895 968 936 cum
990 882 1098 938 tamen

92 957 183 1043 prius
217 966 249 1020 et
277 957 423 1023 Africam
451 966 659 1042 peragrasset
689 977 791 1042 usque
818 956 861 1019 ad
881 956 994 1020 Iovem
1020 958 1097 1021 Am-

93 1061 222 1104 monem
244 1049 275 1103 et
289 1040 455 1103 Oceanum
473 1041 595 1124 primus
618 1041 760 1104 omnium
778 1040 976 1124 navigasset.
1020 1040 1125 1104 Phi-3

57 1142 84 1182 ro
93 1123 117 1186 li
139 1145 216 1208 pus,
238 1124 293 1207 qui
304 1132 378 1208 post
388 1122 612 1187 Alexandrum
623 1121 835 1187 Macedonem
847 1123 981 1209 septimo
994 1123 1098 1208 gradu

130 1206 306 1270 acedoniae
320 1208 485 1291 regnavit,
505 1208 652 1269 invectus
671 1208 705 1268 in
721 1205 892 1279 Graeciam
910 1226 983 1269 cum
1000 1229 1097 1270 saeve

95 1289 329 1370 dominaretur,
365 1287 549 1388 aSulpicio
586 1289 717 1352 consule
751 1290 786 1350 in
814 1288 956 1352 Phocide
990 1291 1097 1353 victus

95 1382 158 1453 est,
189 1376 265 1438 mox
288 1394 308 1434 a
328 1372 512 1436 Flamimno
534 1373 569 1435 in
590 1369 801 1458 [Macedonia]
830 1370 999 1435 Thessalia
1021 1384 1098 1457 aput

95 1455 375 1543 Cynoscephalas,
401 1453 458 1518 ubi
486 1455 560 1518 dato
586 1453 699 1518 obside
721 1454 787 1516 filio
809 1453 976 1517 Demetrio
1003 1457 1097 1539 regni

50 1547 186 1624 'aparte
205 1539 359 1602 multatus
382 1547 439 1602 est.
489 1537 607 1602 Perses
629 1536 772 1621 Philippi
797 1537 898 1617 filius,
933 1558 1005 1600 cum
1028 1553 1120 1601 mac

91 1621 200 1685 ximis'
219 1622 319 1706 copiis
339 1621 540 1686 Macedoniis
561 1621 611 1659 ³¹²*
639 1628 670 1682 et
692 1642 765 1683 curn
789 1621 824 1680 in
846 1619 1018 1684 Graeciam
1039 1624 1096 1684 im-

92 1713 203 1788 petum
224 1704 368 1787 fecisset,
391 1727 464 1768 eum
482 1703 632 1767 inanibus
655 1703 704 1766 ele
727 1703 898 1766 hantorum
916 1705 1096 1767 simulacris

92 1809 112 1849 a
144 1786 267 1859 Marcio
298 1788 429 1852 consule
461 1787 548 1872 apud
575 1725 769 1850 Ascuridlrm
799 1785 952 1884 paludem
979 1788 1097 1868 victus,

92 1872 203 1955 praeci
226 1871 315 1935 itatis
336 1873 371 1934 in
393 1893 482 1934 mare
502 1870 662 1935 thesauris
707 1869 844 1955 rofug1t3
872 1891 949 1933 mox
971 1869 1011 1934 ab
1033 1871 1096 1934 Ae·

57 1952 183 2016 romilio
242 1952 315 2018 aulo
349 1961 418 2018 tota
452 1953 645 2017 Macedonia
678 1892 809 2037 firgatus
843 1951 1096 2017 Samothraciam

92 2035 242 2121 confugit
257 2037 292 2099 in
306 2037 447 2122 asylum,
469 2035 555 2100 unde
574 2036 650 2099 data
668 2035 732 2099 fide
750 2058 823 2100 cum
844 2057 878 2099 se
890 2035 992 2099 Paulo
1013 2059 1096 2100 com·
1148 2062 1150 2066 ⁴

91 2120 249 2200 misisset,
281 2128 356 2183 ante
383 2141 512 2184 currum
539 2120 608 2182 eius
635 2120 670 2180 in
695 2119 893 2203 triumphurn
919 2117 1095 2203 productus

90 2222 170 2265 mox
200 2201 310 2266 libera
332 2204 480 2276 custodia
503 2203 539 2265 in
565 2199 694 2265 Albano
724 2201 902 2265 consenuit.
953 2200 1124 2264 Pseudo-5
1207 2217 1210 2221 ’

81 2283 273 2370 philippus,
305 2286 358 2350 vir
398 2284 533 2350 'lebeius
566 2294 598 2347 et
629 2283 786 2369 degener,
819 2307 892 2348 cum
920 2305 963 2346 ex
985 2283 1095 2347 simili-

22 2416 27 2422 .
55 2400 84 2439 25
93 2366 208 2431 tudine
228 2367 354 2432 formae
402 2369 517 2454 hilippi
538 2367 639 2430 filium
662 2389 697 2430 se
724 2389 795 2431 esse
821 2367 1037 2466 persuasisset
1065 2377 1097 2430 et

93 2448 290 2516 Macedonas
311 2453 346 2515 in
365 2451 489 2517 bellum
508 2453 696 2531 excitasset,
722 2452 807 2514 inter
828 2451 921 2514 mitia
940 2449 1097 2513 tumultus

73 2524 344 2618 'comprehensus
377 2535 437 2598 sub
464 2534 611 2598 custodia
637 2535 755 2597 missus
783 2543 833 2598 est
858 2534 1006 2612 Romam,
1039 2532 1097 2596 ubi

92 2637 167 2679 cum
198 2636 241 2680 ex
269 2618 416 2682 custodia
442 2617 638 2701 aufugisset,
671 2617 830 2681 concitata
857 2637 968 2680 rursus
990 2615 1096 2679 Mace-

93 2698 194 2762 donia
212 2697 385 2764 Thraciam
404 2699 491 2782 hello
513 2701 645 2784 recepit.
690 2699 731 2762 In
751 2721 825 2763 arce
845 2701 939 2783 regni
963 2697 1096 2785 paluda-

54 2789 147 2854 aotus
169 2781 220 2845 ius
243 2783 342 2866 dixit3
370 2806 447 2848 mox
468 2805 487 2847 a
510 2782 653 2848 Caecilio
674 2782 807 2846 Metello
828 2783 953 2866 ingenti
973 2781 1097 2866 proelio

92 2863 216 2945 victus,
240 2888 312 2929 curn
332 2867 531 2952 profugisset
549 2867 585 2928 in
603 2865 791 2946 Thraciam,
814 2887 834 2928 a
853 2862 985 2949 regibus
1007 2863 1096 2926 dedi-

80 2955 146 3008 ‘tus
167 2959 211 3010 est
233 2958 265 3012 et
286 2950 321 3012 in
340 2949 538 3034 triumphum
559 2948 757 3034 deportatis.

157 3076 268 3143 XVII.
307 3079 456 3145 REGES
483 3080 543 3144 ET
565 3079 714 3144 DVOES
736 3076 1032 3142 ROMANORVM.

177 3194 349 3279 Romulus,
372 3197 428 3282 qui
450 3197 565 3262 urbem
587 3194 741 3262 condidit.
784 3192 891 3256 Numa
906 3192 987 3257 Pom
1010 3192 1095 3274 ilius,

52 3302 83 3342 aa
115 3278 151 3339 ui
182 3297 277 3340 sacra
308 3281 484 3344 constituit.
542 3279 656 3344 Tullus
684 3277 859 3356 Hostilius,
891 3277 947 3362 qui
977 3214 1096 3351 lllbam

91 3298 203 3423 diruit.
253 3359 365 3425 Ancus
388 3361 540 3445 Martius,
574 3365 630 3448 qui
647 3361 749 3446 leges
775 3359 931 3445 plurimas
958 3359 1032 3422 tulit
1064 3367 1096 3420 et

92 3439 221 3506 Ostiam
242 3443 402 3509 coloniam
418 3447 593 3510 constituit.
638 3443 771 3510 Servius
791 3441 932 3525 Tullius,
955 3443 1011 3526 qui
1031 3441 1092 3524 pri·
