2482 3960
149 252 191 316 26
523 260 619 309 ch11
639 261 784 309 AMPELII

148 415 270 480 Bareas
291 413 535 500 cognominatus
557 419 615 493 est,
634 412 738 496 primo
746 411 875 476 Punico
896 410 982 475 bello
1002 433 1155 496 magnam

148 508 273 646 partem
294 498 474 598 IIispaniae
494 494 554 559 sub
575 495 747 578 imperium
766 493 887 558 Cartha
911 495 1083 594 iriensium
1104 518 1155 560 re-

121 576 866 730 snillil?lilrlllnluatllitillllilit
881 577 1065 725 loll?
1086 577 1156 725 Hi}

149 749 291 814 secundo
305 685 435 811 Punicd
451 709 538 808 bello
552 764 624 807 cum
645 708 832 826 ingelrtibue
854 745 956 829 copiis
978 743 1020 808 ab
1033 685 1188 808 IIisqa-tt

148 833 203 895 nia
214 834 365 912 veniens,
386 837 560 912 antequam
573 848 609 891 ee
623 826 717 890 fratri
735 828 957 912 coniungeret,
979 848 999 890 a
1015 826 1099 892 Clau
1123 829 1162 906 'o

147 914 278 979 Nerone
302 911 501 998 exspoliatus
523 918 582 974 est.

331 1061 513 1127 XXXVII.
558 1059 707 1127 REGES
728 1060 968 1126 NVMIDIAE.

232 1199 381 1285 Syphax,
404 1219 499 1284 quem
519 1196 628 1282 Scipio
646 1197 824 1261 Africanus
846 1199 969 1261 victum
985 1197 1021 1262 in
1039 1198 1153 1262 trium-

144 1285 246 1370 phum
264 1284 365 1348 traxit
386 1301 552 1366 regnoque
574 1281 643 1345 eius
663 1280 817 1428 imposuit
830 1280 1047 1345 Masinissam.
1082 1281 1188 1351 Ma-ro

144 1369 265 1431 sinissa
291 1388 366 1448 rex,
395 1365 451 1452 qui
472 1362 655 1449 Scipionem
681 1385 701 1426 a
724 1385 838 1429 versus
863 1363 1095 1448 Carthaginem
1121 1373 1155 1430 et

145 1450 169 1515 S
215 1451 329 1515 hacem
352 1450 496 1599 effiitatu
517 1448 658 1511 adiuvit:
680 1446 723 1511 ab
745 1469 783 1512 eo
804 1447 890 1511 inter
924 1449 1046 1512 raemia
1068 1470 1154 1515 com·

144 1537 190 1598 mi
203 1535 253 1598 itii
279 1533 378 1599 Numi
414 1553 453 1595 ae
478 1552 579 1616 regno
610 1531 748 1595 donatm
775 1538 833 1594 est.
906 1531 1061 1616 ugurtha,
1098 1533 1155 1618 qui

144 1619 284 1702 scriptus
307 1625 364 1680 est.

277 1784 477 1848 XXXVIII.
521 1783 669 1850 REGES
689 1784 1018 1849 MAVRI'I'ANIAE.
1162 1808 1190 1851 1s

230 1921 314 1986 Iuba
333 1943 403 2002 rex,
423 1922 479 2006 qui
498 1920 673 1986 Curionem
692 1920 836 2004 legatum
850 1920 999 1987 Caesaris
1022 1943 1153 2008 oppres·

145 2007 203 2088 sit3
230 2025 308 2069 mox
332 2005 438 2069 occiso
465 2004 619 2091 Pompeio
641 2004 774 2069 Catonis
801 2012 833 2068 et
855 2002 1015 2090 Scipionis
1042 2014 1152 2090 partes

144 2088 274 2153 firmare
303 2097 455 2170 conatus,
488 2110 561 2153 cum
586 2111 622 2153 se
648 2089 683 2151 in
707 2089 832 2172 regiam
858 2088 1051 2173 recepisset,
1078 2099 1153 2174 post

144 2172 351 2256 magnificam
371 2192 485 2236 cenam
500 2171 759 2237 interficiendum
778 2193 813 2235 se
835 2170 935 2235 dedit.
978 2171 1070 2253 Iuba,
1092 2193 1153 2239 rex

145 2256 411 2337 litteratissimus,
433 2257 490 2342 qui
509 2254 659 2322 Caesaris
672 2255 815 2338 Augusti
834 2254 925 2317 iussu
945 2257 1096 2338 regnavit
1119 2263 1151 2319 et
1160 2285 1188 2327 20

145 2338 500 2422 magnificentissimam
520 2337 635 2402 urbem
657 2337 851 2402 Caesaream
874 2337 1049 2409 condidit„

146 2487 313 2555 xxxix.
348 2488 428 2570 Qvi
444 2487 682 2555 Anvnnsvs
699 2487 915 2553 POPVLVM
929 2487 1153 2554 nououvu

434 2585 564 2652 naun
585 2583 861 2653 suusuavur.

120 2745 133 2794 1
231 2722 344 2787 Tatius
367 2746 428 2788 rex
446 2723 653 2807 Sabinorum,
675 2726 731 2811 qui
752 2732 908 2809 occupata
926 2743 1001 2786 arce
1012 2721 1154 2807 Tarpeia

145 2808 181 2870 in
202 2805 273 2891 ipso
295 2806 365 2873 foro
387 2828 461 2872 cum
478 2809 614 2873 Romulo
636 2809 814 2872 decertavit
836 2816 867 2870 et
887 2808 1074 2869 interventu
1092 2804 1149 2870 Sa·
1161 2832 1188 2873 25

120 2889 300 2957 abinarum
320 2912 434 2976 paoem
460 2912 534 2956 oum
553 2892 691 2956 Romulo
713 2891 795 2954 fixit.
839 2889 960 2953 Mettus
981 2888 1152 2971 Fuffetius,

146 2995 206 3037 rex
231 2973 451 3057 Albanorum,
501 2977 537 3039 ui
562 2984 675 3039 eontra
696 2975 811 3038 foedus
837 2973 880 3037 ad
901 2971 1069 3035 Fidenatis
1098 2972 1153 3036 dc·

147 3057 243 3119 scivit
271 3065 302 3120 et
329 3059 421 3121 iussu
441 2997 529 3122 'lillli
549 3057 684 3123 Hostilii
711 3057 871 3141 deligatus
900 3056 942 3119 ad
963 3076 1093 3118 currum
1120 3064 1154 3119 et

120 3140 182 3202 ein
204 3139 335 3204 diversa
362 3144 443 3207 actis
472 3143 563 3227 equis
589 3142 749 3206 laceratus
779 3149 837 3204 est.
881 3139 1065 3219 Porsenna,
1092 3159 1154 3201 rex

146 3221 373 3305 Etruscorum,
403 3225 459 3323 qui
479 3224 642 3290 Romanos
663 3226 706 3290 ad
726 3224 906 3288 Ianiculum
928 3220 1056 3286 obsedit
1075 3241 1187 3306 pro-ao

146 3312 219 3390 pter
241 3328 282 3370 ue
303 3306 497 3393 Tarquinios
520 3309 584 3348 *ll*

118 3397 138 3445 4
260 3389 408 3473 iridates,
438 3393 494 3478 qui
514 3412 534 3455 a
556 3391 741 3459 Corbulone
762 3389 925 3458 consulari
950 3388 1022 3453 viro
1044 3388 1152 3453 victus

148 3479 181 3536 ct
199 3473 366 3538 restitutus
388 3482 448 3540 est.
