2482 3960
392 832 542 914 tltlls
570 832 781 915 lMPEtle

223 987 493 1053 alcuino
526 987 633 1052 svo
667 987 950 1053 snnvrau.

10 1260 14 1269 ·
124 1274 128 1284 .
167 1224 301 1290 Volenti
316 1224 378 1288 tibi
402 1225 510 1288 omnia
529 1246 624 1288 nosse
645 1226 761 1310 scripsi
781 1223 868 1288 hunc
884 1223 1004 1289 librum
1024 1248 1091 1290 me·

10 1346 12 1413 [
81 1307 266 1409 morialem,
288 1317 325 1371 ut
346 1309 451 1388 noris,
475 1308 554 1453 guid
574 1310 616 1372 sit
636 1308 792 1406 mundus,
820 1308 899 1392 quid
921 1308 1089 1390 elementa,

10 1416 13 1455 l
59 1393 163 1480 aquid
186 1390 274 1457 orbis
303 1401 463 1455 terrarum
499 1400 582 1472 erat,
609 1392 662 1455 vel
685 1391 763 1476 quid
790 1412 893 1474 genus
916 1391 1091 1455 humanum

82 1476 258 1563 peregerit.
616 1501 621 1519 .

423 1557 450 1619 I.
495 1556 558 1620 DE
579 1556 753 1623 MVNDO.

168 1677 311 1742 Mundus
330 1686 380 1741 est
395 1679 590 1741 universitas
610 1700 733 1760 rerum,
757 1681 872 1765 inquo
891 1679 998 1742 omnia
1014 1684 1113 1742 suntl

17 1784 21 1791 ·
85 1771 119 1826 et
140 1771 233 1825 extra
254 1782 349 1846 quem
370 1760 467 1842 nihil,
491 1764 546 1848 qui
567 1783 683 1846 graece
706 1763 824 1826 dicitur
845 1759 978 1844 κόσμος.
1012 1761 1114 1828 Ele-2

49 1853 195 1911 tomenta
211 1843 324 1907 mundi
361 1853 506 1908 uattuor:
528 1847 624 1928 ignis,
643 1867 686 1909 ex
695 1867 759 1932 quo
769 1856 819 1909 est
838 1846 978 1927 caelum3
998 1865 1090 1932 aqua,

85 1951 130 1993 ex
150 1948 215 2014 qua
234 1949 324 1991 mare
377 1949 528 2010 ceannm,
557 1937 628 2008 aer,
652 1950 694 1992 ex
716 1950 780 2014 quo
804 1931 895 1993 venti
916 1938 948 1992 et
971 1937 1091 2014 tempe-

85 2021 203 2093 states,
224 2019 327 2092 terra,
347 2031 445 2096 quam
459 2020 591 2096 propter
608 2013 745 2075 formam
770 2014 839 2076 eius
858 2011 970 2076 orbem
991 2022 1091 2075 terra-

84 2117 158 2158 rum
176 2093 386 2180 appellamus.
420 2093 512 2158 Caeli
528 2097 677 2178 regiones
697 2104 771 2158 sunt
788 2103 953 2180 quattuor:
972 2096 1116 2175 01·iens,3
1235 2136 1238 2143 ·

86 2177 254 2258 occidens,
285 2178 452 2259 meridies,
483 2180 668 2262 septentrio.
715 2177 848 2241 Caelum
875 2177 1031 2241 dividitur
1053 2178 1114 2239 int

55 2279 79 2320 u
90 2261 228 2325 circulos
246 2263 402 2346 quinque:
429 2262 585 2324 arcticum
602 2270 633 2324 et
650 2261 876 2341 antarcticum,
902 2260 958 2345 qui
981 2260 1022 2324 ob
1044 2261 1091 2323 ni·

10 2348 14 2396 l
86 2346 185 2408 miam
207 2345 274 2408 vim
295 2345 428 2427 frigoris
449 2343 677 2408 inhabitabiles
700 2353 790 2425 sunt,
813 2365 851 2407 ae
874 2344 1091 2425 uinoctialem,

87 2429 140 2490 cui
163 2426 309 2492 subiacet
334 2428 426 2511 regio
450 2449 532 2513 quac
554 2427 825 2508 κατακεκαυμένη
848 2367 965 2491 dlcitur
987 2448 1092 2513 neque

10 2525 17 2563 ἰ
87 2509 241 2574 incolitur
264 2510 305 2575 ob
327 2512 461 2574 nimiam
482 2513 549 2574 vim
569 2512 711 2593 ardoris3
731 2510 912 2575 brumalem
933 2519 965 2574 et
987 2511 1110 2574 soleti·

10 2629 14 2671 ι
87 2594 213 2674 tielem,
242 2594 302 2658 sub
332 2594 449 2679 quibus
472 2594 651 2658 habitatur:
682 2605 756 2658 sunt
779 2596 866 2658 enim
891 2597 1092 2679 temperatis-

10 2685 23 2734 l·
59 2677 179 2759 usimi,
207 2698 266 2762 per
288 2698 368 2764 quos
392 2677 515 2741 oblicus
539 2678 678 2741 circulus
701 2678 800 2741 vadit*
819 2675 893 2742 cum
920 2677 1093 2742 duodecim

10 2770 28 2817 st
84 2761 205 2845 signis,
231 2761 266 2824 in
289 2760 405 2846 quibus
428 2762 476 2825 sol
498 2783 640 2825 annuum
663 2761 791 2825 conficit
815 2783 954 2825 cursum.

295 2894 340 2956 11.
385 2894 447 2956 nn
470 2893 713 2959 ovonaciu
732 2892 889 2978 arsura.

173 3003 275 3088 Signa
299 3013 375 3068 sunt
403 3004 552 3068 incaelo
585 3004 764 3068 duodecim.
808 3005 904 3066 Aries
934 3001 1116 3066 beneficiol

87 3087 217 3169 Liberi,
246 3088 346 3174 quod,
374 3089 402 3151 is
431 3109 503 3150 cum
534 3089 713 3151 exercitum
741 3087 776 3149 in
799 3085 927 3149 Indiam
953 3107 1012 3169 per
1038 3085 1093 3148 Li-

59 3168 189 3258 ubyam
217 3171 349 3235 duceret
368 3192 427 3256 per
441 3169 522 3234 ¹loca
545 3173 631 3234 sicca
659 3179 691 3232 et
712 3190 863 3248 arenosa,
895 3189 968 3230 cum
988 3188 1092 3252 aquae

10 3263 18 3314 t
87 3256 200 3341 inopia
222 3263 308 3318 esset
334 3264 366 3318 et
394 3255 554 3318 exercitus
579 3255 647 3316 eius
677 3241 731 3315 siti
757 3251 979 3334 adfligeretur,
1008 3253 1092 3313 aries

89 3342 136 3402 eis
159 3358 276 3422 aquam
298 3338 547 3417 demonstravit,
570 3346 601 3399 ct
624 3336 664 3400 ob
687 3337 721 3400 id
738 3359 758 3399 a
772 3335 892 3399 Libero
909 3333 998 3397 Iovis
1014 3334 1092 3396 Am-

87 3443 164 3486 mon
187 3430 236 3484 est
259 3421 455 3506 appellatus,
478 3424 571 3505 eique
593 3421 704 3483 fanum
725 3417 933 3503 magnificum
954 3417 1032 3480 fecit
1049 3414 1092 3477 ad

88 3504 297 3584 eumlocum,
315 3503 372 3567 ubi
389 3525 505 3588 aquam
522 3505 661 3582 invenit,
680 3503 766 3588 quod
785 3502 875 3566 abest
887 3500 928 3565 ab
939 3501 1095 3583 Aegypto

131 3611 229 3651 tvcrvs
248 3613 350 3649 nurus.
871 3588 882 3646 1
