2482 3960
109 227 131 282 2
480 237 576 283 'nucu
596 237 741 284 aurumi

129 346 144 378 Ι

111 397 144 451 11
160 388 362 450 Alexandria
382 388 472 471 milia
493 407 646 473 passuum
668 407 794 450 novem.
840 385 891 449 Ob
915 408 985 450 eam
1005 409 1075 452 rem
1096 411 1117 452 a

111 471 191 535 Iove
208 472 310 555 -petiit
339 480 376 534 ut
403 468 489 534 inter
516 469 625 533 sidera
650 471 859 554 reciperetur.
904 469 973 532 Alii
1000 480 1116 555 putant

84 568 186 618 ‘reum
206 575 290 634 esse,
313 556 369 639 qui
386 553 505 617 Hellen
523 561 554 615 et
571 551 730 634 Phrixum
747 554 885 615 vexerit.
920 551 1046 617 Vaurus
1060 554 1116 617 be-

110 637 226 700 neficio
243 636 347 717 Iovis,
365 658 460 721 quern
477 635 624 720 Iuppiter
641 655 661 712 a
676 634 828 720 Neptuno
848 635 949 698 fratre
968 657 1027 721 per
1043 658 1116 721 gra-

110 724 191 783 tiam
211 718 362 800 abduxit,
386 720 442 863 ‹pui
460 740 589 782 sensum
612 716 788 781 humanum
803 717 908 801 figura
929 720 1015 781 tauri
1042 741 1116 783 con·
1128 737 1153 780 s·

110 802 248 881 tinebat,
277 804 305 886 is
328 822 370 865 ue
417 803 488 865 ovis
515 802 607 864 iussu
633 800 800 886 Europam
825 803 989 884 Agenoris
1014 801 1118 865 filiam

112 887 277 951 Sidoniam
297 905 329 946 ar
352 885 455 949 udens
477 885 606 969 decepit
627 891 659 946 et
676 899 747 947 eam
766 882 899 947 Cretam
923 885 1116 968 deportavit.

112 969 162 1032 Ob
193 989 264 1030 eam
285 989 354 1031 rem
375 968 520 1053 Iuppiter
540 969 575 1029 iu
606 965 767 1031 sideribus
791 988 864 1030 eum
888 967 1040 1031 dinatus
1069 978 1119 1031 est

88 1050 288 1116 timmortali
308 1056 473 1117 memoria.
508 1050 654 1131 Gemini,
678 1051 733 1135 qui
755 1055 800 1112 dir·
817 989 1043 1114 Samothraces
1062 1072 1118 1113 no-

112 1136 275 1197 minantur
292 1155 378 1215 esse,
402 1155 538 1220 quorum
555 1141 780 1215 argumentum
796 1133 890 1196 nefas
909 1143 959 1196 est
976 1155 1153 1219 pronun-10

112 1219 193 1281 11111
214 1226 343 1364 praeter
366 1239 435 1298 eos,
458 1219 513 1302 qui
534 1217 636 1280 initiis
655 1225 820 1302 praesunt.
864 1215 933 1279 Alii
949 1215 1120 1281 Castorem

113 1311 144 1364 et
166 1301 212 1364 Po
238 1321 331 1365 uocm
359 1301 485 1381 dicunt,
514 1299 602 1386 quod
624 1299 648 1361 ii
672 1300 834 1384 principes
860 1321 949 1363 mare
970 1309 1077 1364 tutum
1100 1323 1120 1362 a

111 1383 330 1469 praedonibus
351 1384 600 1468 praestitissent.
640 1381 722 1446 Sunt
742 1383 798 1468 qui
821 1382 931 1446 dicant
942 1382 1121 1447 Herculem

88 1475 147 1530 411
166 1467 341 1547 Theseum,
371 1467 457 1553 quod
479 1466 597 1529 similia
619 1465 707 1541 athla
726 1467 791 1529 sint
817 1465 878 1528 ade
901 1466 936 1528 ti.
983 1466 1119 1549 Cancer,

113 1554 286 1629 καρκίνος,
305 1559 454 1634 receptus
473 1548 632 1613 beneficio
646 1547 795 1629 Iunonis,
813 1487 906 1694 1gueli
929 1550 998 1612 eius
1014 1551 1116 1632 iussu,
1128 1570 1152 1610 11

113 1655 185 1697 cum
196 1633 356 1696 Hercules
374 1634 492 1696 missus
508 1641 594 1696 esset
610 1631 652 1695 ad
665 1631 803 1718 hydram
844 1652 1003 1714 eruaeam,
1022 1655 1120 1720 quam

112 1739 171 1780 nos
190 1724 354 1778 excetram
370 1715 515 1797 dicimus,
537 1715 803 1796 interficiendam,
827 1716 976 1779 carcinus
993 1717 1119 1802 ingres-

114 1822 167 1862 sus
189 1797 342 1861 Herculis
370 1799 470 1883 pedes
499 1808 531 1862 et
558 1819 653 1861 crura
678 1797 805 1862 lanians
833 1799 1120 1864 incommodiorem

113 1881 255 1945 faciebat
277 1898 366 1962 eum,
393 1903 489 1966 quarn
512 1882 584 2028 ipsa
605 1890 750 1944 excetra:
773 1881 871 1967 idque
892 1882 1013 1945 malum
1034 1882 1119 1946 Her-

114 1965 202 2029 cules
226 1963 454 2027 difficillimum
475 1964 517 2028 ha
540 1965 604 2046 uit,
628 1966 856 2050 carcinumquc
880 1964 921 2029 ob
939 1965 974 2028 id
997 1967 1155 2029 factumn

88 2050 195 2112 aluno
217 2046 379 2111 sideribus
400 2057 449 2111 est
466 2047 609 2133 dignata.
652 2048 736 2130 Leo,
761 2047 864 2130 λέων,
891 2048 946 2145 qui
964 2049 1120 2127 educatus

114 2141 163 2196 est
192 2130 350 2212 Nemeae,
381 2131 516 2194 Iunonis
548 2131 683 2195 consilio
711 2131 754 2195 ad
775 2130 928 2194 Herculis
954 2132 1122 2196 interitum

112 2218 230 2279 missus
252 2217 287 2278 in
303 2223 422 2278 terram
439 2216 577 2298 Argiam
594 2215 650 2279 diu
673 2214 828 2301 spelunca
850 2214 999 2297 latitavit,
1025 2238 1122 2301 quem

112 2298 272 2362 Hercules
285 2298 404 2362 dicitur
419 2297 623 2362 interfecisse
641 2320 714 2362 cum
725 2297 894 2362 Molorcho
911 2296 1039 2384 hospite
1051 2320 1120 2380 suo,

114 2383 205 2444 cuius
234 2381 361 2444 clavam
387 2383 418 2444 ei
443 2380 598 2444 tributam
620 2389 689 2445 tum
708 2382 868 2467 principio
893 2390 942 2444 est
970 2382 1155 2467 adoptata

114 2486 178 2550 qua
200 2464 327 2528 leonem
348 2464 526 2544 interfecit,
560 2464 693 2549 eiusque
736 2464 832 2528 ellem
855 2473 969 2549 postea
988 2487 1048 2550 pro
1073 2475 1120 2528 te-

114 2556 267 2632 gumento
287 2546 410 2611 habuit.
455 2545 507 2611 Ob
524 2547 559 2610 id
577 2547 699 2610 factum
713 2487 839 2611 Iiunoni
862 2547 936 2610 odio
960 2570 1031 2612 esse
1049 2570 1122 2612 coe·

88 2633 176 2715 opit,
202 2631 393 2716 leonemque
411 2629 543 2692 caelesti
560 2629 719 2714 dignitate
736 2639 787 2694 est
803 2630 970 2695 honorata.
1004 2631 1066 2695 Vir
1092 2654 1121 2711 ο,

115 2735 212 2798 quam
228 2735 287 2777 nos
299 2712 462 2776 Iustitiam
480 2712 633 2794 dicimus,
656 2713 719 2777 fuit
732 2735 806 2777 curn
824 2712 1019 2778 hominibus.
1081 2716 1122 2778 ed

112 2806 284 2881 postquam
305 2796 452 2859 homines
473 2794 558 2859 male
580 2797 689 2861 facere
712 2805 901 2882 coeperunt,
931 2796 1019 2861 Iovis
1048 2819 1154 2862 eamsu

113 2883 198 2942 inter
226 2882 321 2963 signa
345 2880 464 2964 posuit.
510 2877 592 2943 Sunt
624 2882 680 2966 qui
700 2879 881 2964 Erigonam
906 2880 992 2943 Icari
1020 2881 1123 2944 filiam

113 2962 348 3026 Atheniensem
380 2962 509 3044 dicunt,
543 2965 635 3027 cuius
669 2965 754 3049 patri
784 2963 886 3028 Liber
919 2965 1032 3027 vinum
1067 2965 1122 3029 de-

114 3045 176 3126 dit,
200 3054 239 3108 ut
259 3044 443 3109 hominihus
465 3045 508 3110 ad
530 3048 724 3110 suavitatem
745 3046 856 3111 daret:
879 3046 996 3132 quibus
1019 3045 1120 3128 dedit,

115 3127 231 3191 ebriati
254 3137 330 3192 sunt
354 3138 387 3192 et
407 3129 436 3192 la
462 3128 571 3194 idibus
593 3152 667 3194 eum
688 3130 886 3194 occiderunt.
931 3130 1041 3211 Canis,
1065 3131 1121 3216 qui

113 3232 188 3285 cum
208 3211 264 3275 illo
288 3221 366 3294 erat,
388 3212 424 3276 vi'
458 3221 472 3276 t
493 3212 658 3276 deminum
678 3215 829 3293 occisum,
853 3221 973 3276 etcum
991 3213 1118 3277 ululatu
1127 3235 1152 3277 ss

114 3294 158 3357 ad
174 3293 353 3378 Erigonam
375 3295 489 3378 rediit,
512 3317 607 3380 quem
627 3305 665 3359 ut
685 3304 843 3378 maestum
867 3305 899 3360 et
923 3297 973 3359 sin
996 3295 1122 3360 ularem

113 3377 198 3441 vidit
204 3425 212 3456 ,
235 3377 374 3442 sollicita
391 3377 608 3464 proficiscitur
624 3400 697 3441 cunr
714 3400 763 3442 eo.
798 3378 928 3443 Venere
945 3319 1119 3460 1111111111,

113 3459 172 3523 ubi
193 3460 318 3524 Icarius
348 3460 484 3525 iacebat.
527 3460 621 3525 Vidit
642 3483 759 3547 corpus
776 3464 897 3548 patris3
928 3485 1047 3546 magna
1074 3461 1119 3526 la·
