2482 3960
448 681 826 773 rnrurrrtu'

532 872 729 882 ——a-—n—

162 980 271 1060 Lucii
299 1000 453 1072 Ampelii
485 1005 619 1071 quotquot
649 1008 723 1055 nuuc
759 998 989 1067 circumferuntur
1021 999 1168 1069 editiones,

72 1096 177 1143 omues
195 1085 336 1142 duxerunt
353 1101 388 1140 ex
406 1083 537 1140 Salmasii
554 1082 690 1152 editione,
713 1083 760 1153 qui
778 1083 884 1154 primus
902 1083 1001 1138 librum
1024 1087 1170 1141 memoria-

71 1173 130 1225 lem
162 1169 252 1224 edidit
271 1168 354 1224 Floro
383 1165 520 1222 adiectum
541 1164 630 1237 Lugd.
649 1164 711 1220 Bai.
735 1166 820 1236 16383
849 1170 1063 1223 commentarius
1091 1184 1170 1235 vero,

75 1270 161 1326 quem
180 1269 211 1308 se
232 1269 296 1307 mox
312 1251 416 1323 publici
433 1250 502 1306 iuris
521 1250 656 1304 iacturum
672 1249 811 1320 pollicitus
830 1256 904 1317 erat,
935 1266 1087 1321 numquam
1103 1269 1170 1323 pro-

76 1337 143 1405 diit,
167 1336 242 1391 unde
263 1334 364 1391 iactum
384 1339 441 1402 est,
465 1338 494 1387 ut
513 1348 584 1404 quae
600 1333 736 1388 lectiones
749 1333 856 1390 codicis
873 1334 1035 1390 auctoritate
1052 1334 1172 1390 niteren-

74 1426 120 1476 tur
147 1436 275 1490 quaeque
299 1417 439 1476 Salmasio
462 1416 645 1485 deberentur,
677 1432 766 1488 usque
790 1417 827 1472 ad
854 1415 927 1471 huuc
952 1416 1025 1472 diem
1047 1418 1172 1489 ignotum

77 1507 165 1558 esset.
203 1500 369 1556 Dukerus
386 1503 491 1572 primus
511 1499 547 1554 ad
564 1501 669 1556 calcem
687 1500 762 1556 Flori
779 1500 938 1571 Ampelium
955 1506 1080 1555 nostrum
1098 1502 1171 1557 uotis

79 1586 221 1653 instruxit,
244 1585 344 1657 paucis
363 1585 419 1641 nus
432 1581 544 1655 quidem
557 1584 608 1638 seo
620 1584 725 1652 coetis,
747 1580 877 1639 adhibitis
894 1570 1170 1639 simulPerizo‘nii

81 1678 107 1724 et
126 1668 272 1724 Heinsii
301 1668 523 1738 exemplaribus,
554 1668 600 1738 qui
625 1668 800 1724 coniecturas
831 1684 898 1723 suas
922 1667 1094 1740 marginibus
1123 1669 1172 1723 ad-

82 1753 267 1824 scripserant:
291 1751 412 1806 accessit
422 1766 512 1823 nuper
523 1749 692 1805 Tzschuckii
704 1767 786 1818 cura,
811 1767 866 1822 qua
878 1749 954 1806 haud
970 1766 1062 1822 pauca
1079 1769 1172 1808 emcn-

85 1835 147 1891 data
159 1839 232 1906 sunt,
250 1839 280 1890 ut
291 1834 725 1906 praetereamltlunclrerum,
745 1834 1049 1905 Freinshemium‚
1063 1835 1172 1892 Davi·

84 1918 184 1988 sium,
207 1934 324 1989 quorum
337 1919 511 1979 coniecturas
524 1918 553 1971 in
564 1919 767 1972 commentariis
781 1916 817 1973 ad
829 1918 986 1990 Hyginum,
1012 1917 1048 1972 ad
1059 1919 1172 1973 Florum

85 2005 108 2055 et
129 2001 167 2056 ad
186 1999 244 2056 Cic.
268 2002 303 2055 dc
323 1999 384 2056 Nat.
406 1999 438 2056 D.
461 2002 547 2056 libros
569 2002 693 2072 prolatas
714 2000 769 2056 iam
793 2001 922 2056 Dukerus
944 2001 1092 2071 diligenter
1113 2004 1171 2056 col-

86 2083 158 2156 legit.

163 2169 223 2240 Ego
243 2167 355 2239 quidem
366 2168 439 2223 redii
457 2168 494 2223 ad
506 2167 636 2224 Salmasii
654 2167 795 2233 codicem,
817 2167 1016 2220 Divionensem
1030 2167 1103 2234 olim,
1127 2171 1171 2222 vol

87 2251 172 2318 potius
189 2280 233 2291 —
253 2268 318 2307 nam
336 2251 464 2306 codicem
481 2252 573 2322 ipsum
591 2252 692 2305 irustra
710 2250 837 2320 quaesivi
860 2279 902 2290 —-
927 2249 964 2303 ad
986 2251 1171 2322 apographon

88 2333 141 2388 eius
161 2335 268 2391 codicis
286 2336 443 2390 coniectum
456 2337 489 2390 ab
503 2337 564 2406 ipso
577 2333 730 2402 Salmasio,
755 2332 830 2403 quod
848 2336 1011 2389 asservatur
1028 2335 1056 2388 in
1074 2336 1171 2390 biblio-

89 2413 161 2470 theca
180 2418 258 2490 regia
275 2416 447 2473 Monacensi.
480 2416 562 2487 (Cod.
577 2419 622 2472 lat.
635 2418 746 2485 10383.)
758 2416 825 2473 Eius
845 2433 898 2488 ope
916 2416 983 2488 quid
1000 2432 1074 2473 nunc
1090 2435 1171 2488 prae-

90 2503 155 2553 stare
167 2506 284 2556 conatus
298 2502 365 2572 sim,
388 2501 477 2556 fusius
495 2500 612 2572 exposui
624 2500 652 2554 in
664 2500 858 2555 dissertatione
872 2500 1036 2572 propediem
1050 2502 1170 2571 edenda,

91 2580 213 2653 adquam
225 2585 361 2654 lectores,
384 2583 408 2638 si
421 2585 467 2653 qui
480 2586 601 2640 rationes
612 2598 691 2640 meas
709 2586 866 2639 accuratius
884 2597 1057 2656 cognoscere
1075 2587 1171 2655 velint,

90 2663 251 2740 relegandos
266 2673 344 2738 puto.
376 2666 446 2722 Huic
457 2667 624 2738 praelationi
644 2667 673 2721 id
685 2669 775 2722 solum
793 2668 995 2724 reservandum
1012 2671 1119 2741 putavi,
1144 2675 1172 2725 ut

92 2761 163 2816 quam
184 2750 351 2807 brevissime
373 2750 435 2805 lieri
455 2757 553 2822 posset
569 2756 596 2805 et
615 2750 650 2804 de
671 2749 777 2806 codicis
794 2751 868 2807 illius
887 2753 1075 2823 discrepantia
1092 2758 1117 2807 et
1135 2754 1170 2807 de

91 2833 322 2890 emendationibus
347 2851 363 2890 a
385 2850 428 2888 me
449 2835 571 2906 receptis
594 2835 713 2889 lectores
737 2849 895 2905 monerem,
924 2837 969 2890 his
991 2837 1062 2892 notis
1085 2851 1170 2892 ruscis:

91 2908 163 2967 G:
185 2916 260 2972 cod:
271 2916 464 2973 Monacensis:
485 2920 506 2971 P
527 2941 570 2968 =
592 2918 768 2972 Perizonius:
792 2919 815 2972 H
836 2938 880 2966 =
900 2919 1047 2974 Heinsius:
1078 2920 1170 2974 lu:

89 2991 266 3056 hlurrckerus:
293 3001 315 3055 F
334 3023 377 3052 =
398 3000 623 3056 Freinshemius:
652 3001 673 3054 D
694 3020 737 3049 =
758 3000 903 3057 Dulrerus:
932 3001 1002 3059 Dav.
1025 3025 1069 3052 =
1085 3002 1171 3057 Davi-

89 3078 154 3136 sius:
177 3082 200 3137 T
214 3106 257 3134 =
269 3083 477 3140 Tzschuckius:
501 3084 524 3138 E
537 3107 579 3134 τ.
592 3083 715 3139 editores
728 3100 825 3140 omnes
843 3091 998 3156 praeeunte
1015 3083 1170 3141 Salmasio:

86 3159 163 3217 S:
187 3164 358 3222 Salmasius:
390 3166 429 3220 W
449 3189 492 3217 =
515 3166 675 3222 Woelfflin:
703 3168 749 3222 uhi
772 3170 875 3224 nullam
897 3169 996 3224 harum
1018 3170 1171 3224 litterarum

84 3244 252 3320 adscriptam
276 3249 421 3318 invenies,
452 3249 640 3320 discrepantia
669 3252 697 3304 iu
723 3244 900 3319 ‘praelatione
931 3259 1026 3308 notata
1054 3253 1170 3318 codicis,

81 3330 239 3387 emendatio
259 3333 285 3387 in
304 3333 431 3387 ordinem
449 3335 598 3388 verborum
617 3339 730 3403 recepta
751 3332 881 3389 Salmasii
900 3343 950 3390 cst.

160 3416 233 3486 Pag.
252 3411 279 3490 1,
297 3419 313 3474 9
331 3421 413 3471 extro
431 3431 483 3488 quc
504 3408 518 3496 ΙΙ
536 3419 571 3475 17
591 3431 661 3488 quoe
681 3432 736 3469 om.
758 3408 771 3495 ss
793 3423 827 3473 20
843 3419 965 3490 obliquos
981 3420 1003 3473 Ε
1025 3411 1038 3497 ΙΙ
1071 3424 1105 3475 21
1122 3433 1171 3472 cn·

73 3514 139 3555 num
155 3490 170 3579 ΙΙ
185 3504 219 3557 25
228 3515 284 3570 qua
296 3513 385 3573 aquae
398 3490 413 3580 ΙΙ
948 3577 964 3616 *

306 3600 313 3608 ,
483 3610 488 3616 ,
921 3600 942 3637 3
