<?xml version="1.0" encoding="UTF-8"?>
<!DOCTYPE html PUBLIC "-//W3C//DTD XHTML 1.0 Transitional//EN"
    "http://www.w3.org/TR/xhtml1/DTD/xhtml1-transitional.dtd">
<html xmlns="http://www.w3.org/1999/xhtml" xml:lang="en" lang="en">
 <head>
  <title>
</title>
<meta http-equiv="Content-Type" content="text/html;charset=utf-8" />
  <meta name='ocr-system' content='tesseract 3.04.00' />
  <meta name='ocr-capabilities' content='ocr_page ocr_carea ocr_par ocr_line ocrx_word'/>
</head>
<body>
  <div class='ocr_page' id='page_1' title='image "./luciiampeliilib00woelgoog_0044.png"; bbox 0 0 2482 3960; ppageno 0'>
   <div class='ocr_carea' id='block_1_1' title="bbox 254 217 1106 330">
    <p class='ocr_par' dir='ltr' id='par_1_1' title="bbox 254 217 1106 330">
     <span class='ocr_line' id='line_1_1' title="bbox 254 217 1106 330; baseline 0.001 -1"><span class='ocrx_word' id='word_1_1' title='bbox 254 279 360 329; x_wconf 79' lang='lat' dir='ltr'>arcun</span> <span class='ocrx_word' id='word_1_2' title='bbox 382 217 609 328; x_wconf 79' lang='lat' dir='ltr'>uauoanms.</span> <span class='ocrx_word' id='word_1_3' title='bbox 639 263 955 330; x_wconf 85' lang='lat' dir='ltr'>XXXVI-XLII.</span> <span class='ocrx_word' id='word_1_4' title='bbox 1063 268 1106 330; x_wconf 77' lang='lat'>27</span> 
     </span>
    </p>
   </div>
   <div class='ocr_carea' id='block_1_2' title="bbox 291 432 1029 538">
    <p class='ocr_par' dir='ltr' id='par_1_2' title="bbox 291 432 1029 538">
     <span class='ocr_line' id='line_1_2' title="bbox 291 432 1029 538; baseline 0.001 -15"><span class='ocrx_word' id='word_1_5' title='bbox 291 455 365 523; x_wconf 76' lang='lat' dir='ltr'>xa.</span> <span class='ocrx_word' id='word_1_6' title='bbox 408 456 558 520; x_wconf 74' lang='lat' dir='ltr'>sumu</span> <span class='ocrx_word' id='word_1_7' title='bbox 581 456 753 523; x_wconf 80' lang='lat' dir='ltr'>crvnm</span> <span class='ocrx_word' id='word_1_8' title='bbox 775 457 907 538; x_wconf 81' lang='lat' dir='ltr'>over.</span> <span class='ocrx_word' id='word_1_9' title='bbox 1027 432 1029 436; x_wconf 80' lang='grc'><strong>’</strong></span> 
     </span>
    </p>
   </div>
   <div class='ocr_carea' id='block_1_3' title="bbox 59 581 1130 2393">
    <p class='ocr_par' dir='ltr' id='par_1_3' title="bbox 59 581 1130 2000">
     <span class='ocr_line' id='line_1_3' title="bbox 185 581 1127 669; baseline 0.007 -21"><span class='ocrx_word' id='word_1_10' title='bbox 185 582 306 648; x_wconf 82' lang='lat' dir='ltr'>Civilia</span> <span class='ocrx_word' id='word_1_11' title='bbox 321 581 409 646; x_wconf 87' lang='lat' dir='ltr'>bella</span> <span class='ocrx_word' id='word_1_12' title='bbox 429 592 580 669; x_wconf 89' lang='lat' dir='ltr'>quattuor</span> <span class='ocrx_word' id='word_1_13' title='bbox 599 593 687 648; x_wconf 89' lang='lat' dir='ltr'>mota</span> <span class='ocrx_word' id='word_1_14' title='bbox 709 593 783 648; x_wconf 84' lang='lat' dir='ltr'>sunt</span> <span class='ocrx_word' id='word_1_15' title='bbox 802 586 838 649; x_wconf 90' lang='lat' dir='ltr'>in</span> <span class='ocrx_word' id='word_1_16' title='bbox 852 586 933 651; x_wconf 90' lang='lat' dir='ltr'>urbe</span> <span class='ocrx_word' id='word_1_17' title='bbox 955 587 1127 655; x_wconf 83' lang='lat' dir='ltr'>aRoma·l</span> 
     </span>
     <span class='ocr_line' id='line_1_4' title="bbox 98 664 1104 752; baseline 0.002 -19"><span class='ocrx_word' id='word_1_18' title='bbox 98 668 162 733; x_wconf 91' lang='lat' dir='ltr'>nis.</span> <span class='ocrx_word' id='word_1_19' title='bbox 208 665 315 730; x_wconf 79' lang='lat' dir='ltr'>Civile</span> <span class='ocrx_word' id='word_1_20' title='bbox 341 664 464 730; x_wconf 90' lang='lat' dir='ltr'>bellum</span> <span class='ocrx_word' id='word_1_21' title='bbox 483 668 623 752; x_wconf 90' lang='lat' dir='ltr'>primum</span> <span class='ocrx_word' id='word_1_22' title='bbox 643 666 807 752; x_wconf 81' lang='lat' dir='ltr'>Sulpicius</span> <span class='ocrx_word' id='word_1_23' title='bbox 837 669 987 734; x_wconf 89' lang='lat' dir='ltr'>tribunus</span> <span class='ocrx_word' id='word_1_24' title='bbox 1018 675 1104 735; x_wconf 85' lang='lat' dir='ltr'>exci-</span> 
     </span>
     <span class='ocr_line' id='line_1_5' title="bbox 97 747 1105 896; baseline 0.005 -82"><span class='ocrx_word' id='word_1_25' title='bbox 97 751 197 830; x_wconf 85' lang='lat' dir='ltr'>tavit,</span> <span class='ocrx_word' id='word_1_26' title='bbox 221 747 308 834; x_wconf 92' lang='lat' dir='ltr'>quod</span> <span class='ocrx_word' id='word_1_27' title='bbox 329 757 512 834; x_wconf 77' lang='lat' dir='ltr'><strong>susceptam</strong></span> <span class='ocrx_word' id='word_1_28' title='bbox 531 752 735 896; x_wconf 75' lang='lat' dir='ltr'>provinciam</span> <span class='ocrx_word' id='word_1_29' title='bbox 747 751 999 816; x_wconf 72' lang='lat' dir='ltr'>Mithridaticam</span> <span class='ocrx_word' id='word_1_30' title='bbox 1012 752 1105 819; x_wconf 88' lang='lat' dir='ltr'>Sulla</span> 
     </span>
     <span class='ocr_line' id='line_1_6' title="bbox 76 832 1130 902; baseline 0.008 -11"><span class='ocrx_word' id='word_1_31' title='bbox 76 834 134 896; x_wconf 82' lang='lat' dir='ltr'>ain</span> <span class='ocrx_word' id='word_1_32' title='bbox 146 832 286 897; x_wconf 87' lang='lat' dir='ltr'>Marium</span> <span class='ocrx_word' id='word_1_33' title='bbox 305 832 477 897; x_wconf 74' lang='lat' dir='ltr'>transferri</span> <span class='ocrx_word' id='word_1_34' title='bbox 498 853 541 897; x_wconf 94' lang='lat' dir='ltr'>no</span> <span class='ocrx_word' id='word_1_35' title='bbox 554 834 667 897; x_wconf 86' lang='lat' dir='ltr'>uisset.</span> <span class='ocrx_word' id='word_1_36' title='bbox 702 832 885 898; x_wconf 88' lang='lat' dir='ltr'>Secundum</span> <span class='ocrx_word' id='word_1_37' title='bbox 906 834 1030 901; x_wconf 90' lang='lat' dir='ltr'>bellum</span> <span class='ocrx_word' id='word_1_38' title='bbox 1042 837 1130 902; x_wconf 71' lang='lat' dir='ltr'>Len</span> 
     </span>
     <span class='ocr_line' id='line_1_7' title="bbox 121 914 1102 1004; baseline 0.006 -26"><span class='ocrx_word' id='word_1_39' title='bbox 121 915 195 980; x_wconf 86' lang='lat' dir='ltr'>idus</span> <span class='ocrx_word' id='word_1_40' title='bbox 215 923 327 978; x_wconf 87' lang='lat' dir='ltr'>contra</span> <span class='ocrx_word' id='word_1_41' title='bbox 343 914 494 981; x_wconf 80' lang='lat' dir='ltr'>Catulum</span> <span class='ocrx_word' id='word_1_42' title='bbox 512 916 534 994; x_wconf 84' lang='lat'>†</span> <span class='ocrx_word' id='word_1_43' title='bbox 554 915 596 980; x_wconf 91' lang='lat' dir='ltr'>ob</span> <span class='ocrx_word' id='word_1_44' title='bbox 616 924 736 980; x_wconf 90' lang='lat' dir='ltr'>metum</span> <span class='ocrx_word' id='word_1_45' title='bbox 756 915 887 981; x_wconf 84' lang='lat' dir='ltr'>Siciliae</span> <span class='ocrx_word' id='word_1_46' title='bbox 908 919 1102 1004; x_wconf 79' lang='lat' dir='ltr'>expoliatos.</span> 
     </span>
     <span class='ocr_line' id='line_1_8' title="bbox 97 937 1129 1102; baseline 0.002 -40"><span class='ocrx_word' id='word_1_47' title='bbox 97 937 246 1062; x_wconf 76' lang='lat' dir='ltr'>l&#39;ertium</span> <span class='ocrx_word' id='word_1_48' title='bbox 271 998 393 1063; x_wconf 91' lang='lat' dir='ltr'>bellum</span> <span class='ocrx_word' id='word_1_49' title='bbox 420 998 542 1064; x_wconf 78' lang='lat' dir='ltr'>Caesar</span> <span class='ocrx_word' id='word_1_50' title='bbox 570 1007 602 1062; x_wconf 89' lang='lat' dir='ltr'>et</span> <span class='ocrx_word' id='word_1_51' title='bbox 626 999 811 1084; x_wconf 86' lang='lat' dir='ltr'>Pompeius.</span> <span class='ocrx_word' id='word_1_52' title='bbox 861 1001 948 1066; x_wconf 91' lang='lat' dir='ltr'>Belli</span> <span class='ocrx_word' id='word_1_53' title='bbox 976 1007 1129 1102; x_wconf 73' lang='lat' dir='ltr'>speciest</span> 
     </span>
     <span class='ocr_line' id='line_1_9' title="bbox 97 1082 1104 1166; baseline 0.006 -22"><span class='ocrx_word' id='word_1_54' title='bbox 97 1082 202 1165; x_wconf 86' lang='lat' dir='ltr'>magis</span> <span class='ocrx_word' id='word_1_55' title='bbox 224 1103 320 1166; x_wconf 89' lang='lat' dir='ltr'>quam</span> <span class='ocrx_word' id='word_1_56' title='bbox 341 1098 439 1146; x_wconf 85' lang='lat' dir='ltr'>causa</span> <span class='ocrx_word' id='word_1_57' title='bbox 457 1082 520 1146; x_wconf 87' lang='lat' dir='ltr'>fuit</span> <span class='ocrx_word' id='word_1_58' title='bbox 540 1091 677 1166; x_wconf 88' lang='lat' dir='ltr'>negatus</span> <span class='ocrx_word' id='word_1_59' title='bbox 700 1104 720 1146; x_wconf 90' lang='lat' dir='ltr'>a</span> <span class='ocrx_word' id='word_1_60' title='bbox 740 1092 855 1149; x_wconf 88' lang='lat' dir='ltr'>senatu</span> <span class='ocrx_word' id='word_1_61' title='bbox 875 1083 1011 1151; x_wconf 78' lang='lat' dir='ltr'>Caesari</span> <span class='ocrx_word' id='word_1_62' title='bbox 1029 1107 1104 1152; x_wconf 90' lang='lat' dir='ltr'>oon-</span> 
     </span>
     <span class='ocr_line' id='line_1_10' title="bbox 98 1165 1104 1253; baseline 0.006 -26"><span class='ocrx_word' id='word_1_63' title='bbox 98 1165 237 1246; x_wconf 85' lang='lat' dir='ltr'>sulatus,</span> <span class='ocrx_word' id='word_1_64' title='bbox 261 1173 405 1228; x_wconf 89' lang='lat' dir='ltr'>ceterum</span> <span class='ocrx_word' id='word_1_65' title='bbox 423 1167 593 1251; x_wconf 86' lang='lat' dir='ltr'>utriusque</span> <span class='ocrx_word' id='word_1_66' title='bbox 615 1165 788 1231; x_wconf 78' lang='lat' dir='ltr'>aemulatio</span> <span class='ocrx_word' id='word_1_67' title='bbox 811 1175 843 1232; x_wconf 90' lang='lat' dir='ltr'>et</span> <span class='ocrx_word' id='word_1_68' title='bbox 864 1169 1025 1253; x_wconf 76' lang='lat' dir='ltr'>cupiditas</span> <span class='ocrx_word' id='word_1_69' title='bbox 1047 1171 1104 1233; x_wconf 93' lang='lat' dir='ltr'>im-</span> 
     </span>
     <span class='ocr_line' id='line_1_11' title="bbox 60 1247 1104 1335; baseline 0.006 -25"><span class='ocrx_word' id='word_1_70' title='bbox 60 1248 183 1333; x_wconf 76' lang='lat' dir='ltr'>reperii</span> <span class='ocrx_word' id='word_1_71' title='bbox 202 1268 282 1311; x_wconf 90' lang='lat' dir='ltr'>occu</span> <span class='ocrx_word' id='word_1_72' title='bbox 304 1249 391 1312; x_wconf 89' lang='lat' dir='ltr'>andi.</span> <span class='ocrx_word' id='word_1_73' title='bbox 426 1247 511 1311; x_wconf 88' lang='lat' dir='ltr'>Nam</span> <span class='ocrx_word' id='word_1_74' title='bbox 528 1270 601 1312; x_wconf 91' lang='lat' dir='ltr'>cum</span> <span class='ocrx_word' id='word_1_75' title='bbox 616 1249 793 1313; x_wconf 87' lang='lat' dir='ltr'>secundum</span> <span class='ocrx_word' id='word_1_76' title='bbox 812 1272 918 1314; x_wconf 87' lang='lat' dir='ltr'>mores</span> <span class='ocrx_word' id='word_1_77' title='bbox 935 1251 1041 1335; x_wconf 84' lang='lat' dir='ltr'>legem</span> <span class='ocrx_word' id='word_1_78' title='bbox 1062 1275 1104 1317; x_wconf 90' lang='lat' dir='ltr'>ue</span> 
     </span>
     <span class='ocr_line' id='line_1_12' title="bbox 97 1275 1104 1398; baseline 0.005 -5"><span class='ocrx_word' id='word_1_79' title='bbox 97 1332 257 1394; x_wconf 88' lang='lat' dir='ltr'>maiorum</span> <span class='ocrx_word' id='word_1_80' title='bbox 295 1332 301 1346; x_wconf 91' lang='lat'>&#39;</span> <span class='ocrx_word' id='word_1_81' title='bbox 337 1333 403 1395; x_wconf 88' lang='lat' dir='ltr'>isso</span> <span class='ocrx_word' id='word_1_82' title='bbox 425 1332 570 1395; x_wconf 86' lang='lat' dir='ltr'>exercitu</span> <span class='ocrx_word' id='word_1_83' title='bbox 588 1333 701 1395; x_wconf 88' lang='lat' dir='ltr'>venire</span> <span class='ocrx_word' id='word_1_84' title='bbox 721 1331 756 1395; x_wconf 91' lang='lat' dir='ltr'>in</span> <span class='ocrx_word' id='word_1_85' title='bbox 778 1333 893 1397; x_wconf 89' lang='lat' dir='ltr'>urbem</span> <span class='ocrx_word' id='word_1_86' title='bbox 905 1333 1028 1398; x_wconf 80' lang='lat' dir='ltr'>Caesar</span> <span class='ocrx_word' id='word_1_87' title='bbox 1042 1275 1104 1398; x_wconf 54' lang='lat' dir='ltr'>Se·</span> 
     </span>
     <span class='ocr_line' id='line_1_13' title="bbox 96 1413 1104 1502; baseline 0.001 -24"><span class='ocrx_word' id='word_1_88' title='bbox 96 1413 191 1478; x_wconf 88' lang='lat' dir='ltr'>beret</span> <span class='ocrx_word' id='word_1_89' title='bbox 204 1424 237 1478; x_wconf 87' lang='lat' dir='ltr'>et</span> <span class='ocrx_word' id='word_1_90' title='bbox 249 1413 365 1478; x_wconf 87' lang='lat' dir='ltr'>docere</span> <span class='ocrx_word' id='word_1_91' title='bbox 386 1423 533 1478; x_wconf 87' lang='lat' dir='ltr'>senatum</span> <span class='ocrx_word' id='word_1_92' title='bbox 552 1413 707 1479; x_wconf 87' lang='lat' dir='ltr'>derebus</span> <span class='ocrx_word' id='word_1_93' title='bbox 727 1436 747 1478; x_wconf 88' lang='lat' dir='ltr'>a</span> <span class='ocrx_word' id='word_1_94' title='bbox 768 1437 802 1479; x_wconf 86' lang='lat' dir='ltr'>se</span> <span class='ocrx_word' id='word_1_95' title='bbox 817 1418 918 1499; x_wconf 85' lang='lat' dir='ltr'>gestis</span> <span class='ocrx_word' id='word_1_96' title='bbox 939 1426 1036 1502; x_wconf 85' lang='lat' dir='ltr'>atque</span> <span class='ocrx_word' id='word_1_97' title='bbox 1058 1418 1104 1479; x_wconf 88' lang='lat' dir='ltr'>ita</span> 
     </span>
     <span class='ocr_line' id='line_1_14' title="bbox 96 1493 1102 1583; baseline 0.003 -24"><span class='ocrx_word' id='word_1_98' title='bbox 96 1493 296 1583; x_wconf 83' lang='lat' dir='ltr'>triumphum</span> <span class='ocrx_word' id='word_1_99' title='bbox 317 1501 481 1583; x_wconf 82' lang='lat' dir='ltr'>consequi,</span> <span class='ocrx_word' id='word_1_100' title='bbox 505 1497 660 1562; x_wconf 81' lang='lat' dir='ltr'>simulans</span> <span class='ocrx_word' id='word_1_101' title='bbox 683 1519 717 1562; x_wconf 89' lang='lat' dir='ltr'>se</span> <span class='ocrx_word' id='word_1_102' title='bbox 730 1499 869 1582; x_wconf 73' lang='lat' dir='ltr'>gratiam</span> <span class='ocrx_word' id='word_1_103' title='bbox 880 1499 994 1562; x_wconf 88' lang='lat' dir='ltr'>timere</span> <span class='ocrx_word' id='word_1_104' title='bbox 1008 1499 1102 1563; x_wconf 91' lang='lat' dir='ltr'>Pom-</span> 
     </span>
     <span class='ocr_line' id='line_1_15' title="bbox 97 1581 1101 1665; baseline 0.004 -23"><span class='ocrx_word' id='word_1_105' title='bbox 97 1581 152 1664; x_wconf 87' lang='lat' dir='ltr'>pei</span> <span class='ocrx_word' id='word_1_106' title='bbox 171 1583 304 1665; x_wconf 85' lang='lat' dir='ltr'>negavit</span> <span class='ocrx_word' id='word_1_107' title='bbox 323 1603 358 1645; x_wconf 89' lang='lat' dir='ltr'>se</span> <span class='ocrx_word' id='word_1_108' title='bbox 378 1583 553 1645; x_wconf 87' lang='lat' dir='ltr'>missurum</span> <span class='ocrx_word' id='word_1_109' title='bbox 575 1583 766 1662; x_wconf 85' lang='lat' dir='ltr'>exercitum,</span> <span class='ocrx_word' id='word_1_110' title='bbox 790 1583 854 1645; x_wconf 89' lang='lat' dir='ltr'>nisi</span> <span class='ocrx_word' id='word_1_111' title='bbox 876 1581 1101 1646; x_wconf 85' lang='lat' dir='ltr'>consularibus</span> 
     </span>
     <span class='ocr_line' id='line_1_16' title="bbox 59 1663 1102 1744; baseline 0.002 -19"><span class='ocrx_word' id='word_1_112' title='bbox 59 1685 89 1726; x_wconf 80' lang='lat'>15</span> <span class='ocrx_word' id='word_1_113' title='bbox 99 1665 238 1727; x_wconf 87' lang='lat' dir='ltr'>comitiis</span> <span class='ocrx_word' id='word_1_114' title='bbox 252 1666 335 1728; x_wconf 91' lang='lat' dir='ltr'>ratio</span> <span class='ocrx_word' id='word_1_115' title='bbox 347 1664 492 1729; x_wconf 88' lang='lat' dir='ltr'>absentis</span> <span class='ocrx_word' id='word_1_116' title='bbox 513 1665 562 1728; x_wconf 87' lang='lat' dir='ltr'>sui</span> <span class='ocrx_word' id='word_1_117' title='bbox 576 1663 687 1728; x_wconf 89' lang='lat' dir='ltr'>habita</span> <span class='ocrx_word' id='word_1_118' title='bbox 701 1664 827 1728; x_wconf 80' lang='lat' dir='ltr'>fuisset.</span> <span class='ocrx_word' id='word_1_119' title='bbox 856 1663 963 1744; x_wconf 74' lang='lat' dir='ltr'>Quam</span> <span class='ocrx_word' id='word_1_120' title='bbox 977 1664 1018 1729; x_wconf 93' lang='lat' dir='ltr'>ob</span> <span class='ocrx_word' id='word_1_121' title='bbox 1033 1687 1102 1728; x_wconf 91' lang='lat' dir='ltr'>rem</span> 
     </span>
     <span class='ocr_line' id='line_1_17' title="bbox 97 1746 1101 1828; baseline 0.003 -20"><span class='ocrx_word' id='word_1_122' title='bbox 97 1746 201 1809; x_wconf 88' lang='lat' dir='ltr'>hostis</span> <span class='ocrx_word' id='word_1_123' title='bbox 229 1768 250 1808; x_wconf 90' lang='lat' dir='ltr'>a</span> <span class='ocrx_word' id='word_1_124' title='bbox 276 1756 391 1812; x_wconf 89' lang='lat' dir='ltr'>senatu</span> <span class='ocrx_word' id='word_1_125' title='bbox 418 1748 578 1812; x_wconf 89' lang='lat' dir='ltr'>iudicatus</span> <span class='ocrx_word' id='word_1_126' title='bbox 607 1751 719 1812; x_wconf 82' lang='lat' dir='ltr'>statuit</span> <span class='ocrx_word' id='word_1_127' title='bbox 747 1749 781 1813; x_wconf 92' lang='lat' dir='ltr'>id</span> <span class='ocrx_word' id='word_1_128' title='bbox 808 1747 895 1812; x_wconf 92' lang='lat' dir='ltr'>bello</span> <span class='ocrx_word' id='word_1_129' title='bbox 916 1749 1101 1828; x_wconf 83' lang='lat' dir='ltr'>vindicare3</span> 
     </span>
     <span class='ocr_line' id='line_1_18' title="bbox 97 1830 1102 1931; baseline 0.003 -40"><span class='ocrx_word' id='word_1_130' title='bbox 97 1849 137 1892; x_wconf 91' lang='lat' dir='ltr'>ac</span> <span class='ocrx_word' id='word_1_131' title='bbox 164 1832 211 1893; x_wconf 89' lang='lat' dir='ltr'>sic</span> <span class='ocrx_word' id='word_1_132' title='bbox 232 1851 297 1894; x_wconf 90' lang='lat' dir='ltr'>non</span> <span class='ocrx_word' id='word_1_133' title='bbox 325 1830 528 1895; x_wconf 87' lang='lat' dir='ltr'>consulatum</span> <span class='ocrx_word' id='word_1_134' title='bbox 553 1831 648 1895; x_wconf 91' lang='lat' dir='ltr'>modo</span> <span class='ocrx_word' id='word_1_135' title='bbox 677 1853 715 1894; x_wconf 90' lang='lat' dir='ltr'>ac</span> <span class='ocrx_word' id='word_1_136' title='bbox 733 1831 946 1931; x_wconf 64' lang='lat' dir='ltr'>triumphum}</span> <span class='ocrx_word' id='word_1_137' title='bbox 977 1831 1035 1895; x_wconf 88' lang='lat' dir='ltr'>sed</span> <span class='ocrx_word' id='word_1_138' title='bbox 1055 1838 1102 1894; x_wconf 89' lang='lat' dir='ltr'>to·</span> 
     </span>
     <span class='ocr_line' id='line_1_19' title="bbox 96 1914 1102 2000; baseline 0.002 -25"><span class='ocrx_word' id='word_1_139' title='bbox 96 1921 168 1975; x_wconf 88' lang='lat' dir='ltr'>tum</span> <span class='ocrx_word' id='word_1_140' title='bbox 193 1914 304 1999; x_wconf 91' lang='lat' dir='ltr'>populi</span> <span class='ocrx_word' id='word_1_141' title='bbox 325 1914 464 1978; x_wconf 86' lang='lat' dir='ltr'>Romani</span> <span class='ocrx_word' id='word_1_142' title='bbox 484 1916 655 2000; x_wconf 90' lang='lat' dir='ltr'>imperium</span> <span class='ocrx_word' id='word_1_143' title='bbox 683 1915 809 1998; x_wconf 81' lang='lat' dir='ltr'>redegit</span> <span class='ocrx_word' id='word_1_144' title='bbox 836 1937 870 1978; x_wconf 90' lang='lat' dir='ltr'>m</span> <span class='ocrx_word' id='word_1_145' title='bbox 898 1937 989 1978; x_wconf 88' lang='lat' dir='ltr'>suam</span> <span class='ocrx_word' id='word_1_146' title='bbox 1013 1922 1102 2000; x_wconf 89' lang='lat' dir='ltr'>pote-</span> 
     </span>
    </p>

    <p class='ocr_par' dir='ltr' id='par_1_4' title="bbox 59 1995 1128 2164">
     <span class='ocr_line' id='line_1_20' title="bbox 98 1995 1128 2082; baseline 0.003 -25"><span class='ocrx_word' id='word_1_147' title='bbox 98 2003 224 2059; x_wconf 87' lang='lat' dir='ltr'>statem.</span> <span class='ocrx_word' id='word_1_148' title='bbox 270 1995 429 2075; x_wconf 78' lang='lat' dir='ltr'>Quartum</span> <span class='ocrx_word' id='word_1_149' title='bbox 454 1997 578 2062; x_wconf 91' lang='lat' dir='ltr'>bellum</span> <span class='ocrx_word' id='word_1_150' title='bbox 606 1996 728 2061; x_wconf 80' lang='lat' dir='ltr'>Caesar</span> <span class='ocrx_word' id='word_1_151' title='bbox 745 1999 914 2082; x_wconf 85' lang='lat' dir='ltr'>Augustus</span> <span class='ocrx_word' id='word_1_152' title='bbox 943 1999 1128 2067; x_wconf 65' lang='lat' dir='ltr'>adversum</span> 
     </span>
     <span class='ocr_line' id='line_1_21' title="bbox 59 2078 1101 2164; baseline 0.005 -28"><span class='ocrx_word' id='word_1_153' title='bbox 59 2095 89 2135; x_wconf 85' lang='lat'>20</span> <span class='ocrx_word' id='word_1_154' title='bbox 99 2078 279 2164; x_wconf 88' lang='lat' dir='ltr'>complures</span> <span class='ocrx_word' id='word_1_155' title='bbox 302 2080 421 2144; x_wconf 76' lang='lat' dir='ltr'>ducesr</span> <span class='ocrx_word' id='word_1_156' title='bbox 439 2089 551 2144; x_wconf 91' lang='lat' dir='ltr'>contra</span> <span class='ocrx_word' id='word_1_157' title='bbox 563 2081 754 2164; x_wconf 90' lang='lat' dir='ltr'>Pompeium</span> <span class='ocrx_word' id='word_1_158' title='bbox 772 2082 923 2144; x_wconf 84' lang='lat' dir='ltr'>iuvenem</span> <span class='ocrx_word' id='word_1_159' title='bbox 941 2081 1028 2144; x_wconf 86' lang='lat' dir='ltr'>bona</span> <span class='ocrx_word' id='word_1_160' title='bbox 1046 2101 1101 2164; x_wconf 87' lang='lat' dir='ltr'>pa·</span> 
     </span>
    </p>

    <p class='ocr_par' dir='ltr' id='par_1_5' title="bbox 97 2162 1102 2248">
     <span class='ocr_line' id='line_1_22' title="bbox 97 2162 1102 2248; baseline 0.004 -26"><span class='ocrx_word' id='word_1_161' title='bbox 97 2169 193 2223; x_wconf 91' lang='lat' dir='ltr'>terna</span> <span class='ocrx_word' id='word_1_162' title='bbox 213 2171 425 2248; x_wconf 85' lang='lat' dir='ltr'>repetentem,</span> <span class='ocrx_word' id='word_1_163' title='bbox 456 2186 534 2228; x_wconf 83' lang='lat' dir='ltr'>mox</span> <span class='ocrx_word' id='word_1_164' title='bbox 553 2162 884 2227; x_wconf 82' lang='lat' dir='ltr'>adversus&#39;Oassium</span> <span class='ocrx_word' id='word_1_165' title='bbox 912 2172 945 2225; x_wconf 91' lang='lat' dir='ltr'>et</span> <span class='ocrx_word' id='word_1_166' title='bbox 965 2162 1102 2226; x_wconf 87' lang='lat' dir='ltr'>Brutum</span> 
     </span>
    </p>

    <p class='ocr_par' dir='ltr' id='par_1_6' title="bbox 98 2244 1101 2393">
     <span class='ocr_line' id='line_1_23' title="bbox 98 2244 1101 2393; baseline 0 -85"><span class='ocrx_word' id='word_1_167' title='bbox 98 2245 134 2308; x_wconf 94' lang='lat' dir='ltr'>in</span> <span class='ocrx_word' id='word_1_168' title='bbox 154 2244 310 2309; x_wconf 89' lang='lat' dir='ltr'>ultionem</span> <span class='ocrx_word' id='word_1_169' title='bbox 330 2248 515 2332; x_wconf 89' lang='lat' dir='ltr'>interempti</span> <span class='ocrx_word' id='word_1_170' title='bbox 536 2248 650 2393; x_wconf 70' lang='lat' dir='ltr'>patris,</span> <span class='ocrx_word' id='word_1_171' title='bbox 681 2246 833 2332; x_wconf 83' lang='lat' dir='ltr'>deinceps</span> <span class='ocrx_word' id='word_1_172' title='bbox 855 2246 1012 2309; x_wconf 89' lang='lat' dir='ltr'>adversus</span> <span class='ocrx_word' id='word_1_173' title='bbox 1034 2245 1101 2308; x_wconf 85' lang='lat' dir='ltr'>An-</span> 
     </span>
    </p>
   </div>
   <div class='ocr_carea' id='block_1_4' title="bbox 97 2328 1100 2416">
    <p class='ocr_par' dir='ltr' id='par_1_7' title="bbox 97 2328 1100 2416">
     <span class='ocr_line' id='line_1_24' title="bbox 97 2328 1100 2416; baseline 0 -26"><span class='ocrx_word' id='word_1_174' title='bbox 97 2328 223 2391; x_wconf 89' lang='lat' dir='ltr'>tonium</span> <span class='ocrx_word' id='word_1_175' title='bbox 245 2338 275 2394; x_wconf 89' lang='lat' dir='ltr'>et</span> <span class='ocrx_word' id='word_1_176' title='bbox 299 2328 505 2416; x_wconf 81' lang='lat' dir='ltr'>Cleopatram</span> <span class='ocrx_word' id='word_1_177' title='bbox 524 2352 546 2393; x_wconf 93' lang='lat' dir='ltr'>u</span> <span class='ocrx_word' id='word_1_178' title='bbox 559 2338 609 2394; x_wconf 91' lang='lat' dir='ltr'>tro</span> <span class='ocrx_word' id='word_1_179' title='bbox 630 2329 752 2392; x_wconf 89' lang='lat' dir='ltr'>bellum</span> <span class='ocrx_word' id='word_1_180' title='bbox 770 2331 896 2414; x_wconf 88' lang='lat' dir='ltr'>patriae</span> <span class='ocrx_word' id='word_1_181' title='bbox 918 2329 1100 2400; x_wconf 87' lang='lat' dir='ltr'>inferentis.</span> 
     </span>
    </p>
   </div>
   <div class='ocr_carea' id='block_1_5' title="bbox 256 2467 943 2552">
    <p class='ocr_par' dir='ltr' id='par_1_8' title="bbox 256 2467 943 2552">
     <span class='ocr_line' id='line_1_25' title="bbox 256 2467 943 2552; baseline -0.004 -21"><span class='ocrx_word' id='word_1_182' title='bbox 256 2467 347 2532; x_wconf 89' lang='lat' dir='ltr'>XLI.</span> <span class='ocrx_word' id='word_1_183' title='bbox 394 2472 506 2543; x_wconf 76' lang='lat' dir='ltr'><em>QVOT</em></span> <span class='ocrx_word' id='word_1_184' title='bbox 524 2471 687 2552; x_wconf 64' lang='lat' dir='ltr'><em>GENEBA</em></span> <span class='ocrx_word' id='word_1_185' title='bbox 706 2470 868 2532; x_wconf 82' lang='lat' dir='ltr'><em>BELLOB</em></span> <span class='ocrx_word' id='word_1_186' title='bbox 877 2470 943 2531; x_wconf 88' lang='lat' dir='ltr'>VM.</span> 
     </span>
    </p>
   </div>
   <div class='ocr_carea' id='block_1_6' title="bbox 62 2577 1104 3162">
    <p class='ocr_par' dir='ltr' id='par_1_9' title="bbox 62 2577 1104 2996">
     <span class='ocr_line' id='line_1_26' title="bbox 62 2577 1104 2664; baseline -0.003 -21"><span class='ocrx_word' id='word_1_187' title='bbox 62 2602 90 2643; x_wconf 81' lang='lat'>25</span> <span class='ocrx_word' id='word_1_188' title='bbox 184 2578 351 2643; x_wconf 89' lang='lat' dir='ltr'>Bellorum</span> <span class='ocrx_word' id='word_1_189' title='bbox 377 2601 501 2663; x_wconf 79' lang='lat' dir='ltr'>genera</span> <span class='ocrx_word' id='word_1_190' title='bbox 525 2589 599 2642; x_wconf 88' lang='lat' dir='ltr'>sunt</span> <span class='ocrx_word' id='word_1_191' title='bbox 624 2587 784 2664; x_wconf 89' lang='lat' dir='ltr'>quattuor.</span> <span class='ocrx_word' id='word_1_192' title='bbox 836 2577 981 2659; x_wconf 81' lang='lat' dir='ltr'>Gentile,</span> <span class='ocrx_word' id='word_1_193' title='bbox 1016 2577 1104 2663; x_wconf 91' lang='lat' dir='ltr'>quod</span> 
     </span>
     <span class='ocr_line' id='line_1_27' title="bbox 97 2660 1103 2746; baseline -0.001 -21"><span class='ocrx_word' id='word_1_194' title='bbox 97 2683 172 2740; x_wconf 88' lang='lat' dir='ltr'>cum</span> <span class='ocrx_word' id='word_1_195' title='bbox 193 2664 335 2726; x_wconf 84' lang='lat' dir='ltr'>externis</span> <span class='ocrx_word' id='word_1_196' title='bbox 357 2665 494 2746; x_wconf 83' lang='lat' dir='ltr'>geritur,</span> <span class='ocrx_word' id='word_1_197' title='bbox 522 2670 558 2724; x_wconf 90' lang='lat' dir='ltr'>ut</span> <span class='ocrx_word' id='word_1_198' title='bbox 578 2662 717 2725; x_wconf 86' lang='lat' dir='ltr'>Romani</span> <span class='ocrx_word' id='word_1_199' title='bbox 737 2682 811 2725; x_wconf 91' lang='lat' dir='ltr'>cum</span> <span class='ocrx_word' id='word_1_200' title='bbox 831 2661 973 2743; x_wconf 88' lang='lat' dir='ltr'>Latinis,</span> <span class='ocrx_word' id='word_1_201' title='bbox 1002 2660 1103 2724; x_wconf 87' lang='lat' dir='ltr'>Athe·</span> 
     </span>
     <span class='ocr_line' id='line_1_28' title="bbox 97 2743 1103 2826; baseline 0 -19"><span class='ocrx_word' id='word_1_202' title='bbox 97 2746 228 2808; x_wconf 89' lang='lat' dir='ltr'>nienses</span> <span class='ocrx_word' id='word_1_203' title='bbox 255 2765 328 2808; x_wconf 91' lang='lat' dir='ltr'>cum</span> <span class='ocrx_word' id='word_1_204' title='bbox 348 2745 626 2811; x_wconf 87' lang='lat' dir='ltr'>Lacedaemoniis.</span> <span class='ocrx_word' id='word_1_205' title='bbox 647 2745 713 2783; x_wconf 62' lang='lat'>*³²*</span> <span class='ocrx_word' id='word_1_206' title='bbox 758 2744 902 2826; x_wconf 79' lang='lat' dir='ltr'>Servile,</span> <span class='ocrx_word' id='word_1_207' title='bbox 953 2743 1019 2808; x_wconf 90' lang='lat' dir='ltr'>uod</span> <span class='ocrx_word' id='word_1_208' title='bbox 1039 2744 1103 2808; x_wconf 91' lang='lat' dir='ltr'>Ro·</span> 
     </span>
     <span class='ocr_line' id='line_1_29' title="bbox 97 2767 1102 2912; baseline 0 -23"><span class='ocrx_word' id='word_1_209' title='bbox 97 2829 186 2889; x_wconf 88' lang='lat' dir='ltr'>mani</span> <span class='ocrx_word' id='word_1_210' title='bbox 205 2828 362 2891; x_wconf 87' lang='lat' dir='ltr'>adversus</span> <span class='ocrx_word' id='word_1_211' title='bbox 381 2829 537 2912; x_wconf 81' lang='lat' dir='ltr'>fugitivos</span> <span class='ocrx_word' id='word_1_212' title='bbox 559 2835 731 2912; x_wconf 87' lang='lat' dir='ltr'>gesserunt</span> <span class='ocrx_word' id='word_1_213' title='bbox 751 2837 783 2890; x_wconf 90' lang='lat' dir='ltr'>et</span> <span class='ocrx_word' id='word_1_214' title='bbox 796 2835 909 2891; x_wconf 88' lang='lat' dir='ltr'>contra</span> <span class='ocrx_word' id='word_1_215' title='bbox 931 2767 1029 2891; x_wconf 83' lang='lat' dir='ltr'>duces</span> <span class='ocrx_word' id='word_1_216' title='bbox 1050 2847 1102 2889; x_wconf 92' lang='lat' dir='ltr'>eo-</span> 
     </span>
     <span class='ocr_line' id='line_1_30' title="bbox 97 2908 1101 2996; baseline -0.001 -23"><span class='ocrx_word' id='word_1_217' title='bbox 97 2932 172 2973; x_wconf 88' lang='lat' dir='ltr'>rum</span> <span class='ocrx_word' id='word_1_218' title='bbox 192 2909 397 2996; x_wconf 73' lang='lat' dir='ltr'>Spartacum,</span> <span class='ocrx_word' id='word_1_219' title='bbox 422 2911 558 2975; x_wconf 82' lang='lat' dir='ltr'>Crixum</span> <span class='ocrx_word' id='word_1_220' title='bbox 579 2920 611 2974; x_wconf 91' lang='lat' dir='ltr'>et</span> <span class='ocrx_word' id='word_1_221' title='bbox 631 2910 842 2975; x_wconf 85' lang='lat' dir='ltr'>Oenomaum.</span> <span class='ocrx_word' id='word_1_222' title='bbox 888 2908 1010 2990; x_wconf 80' lang='lat' dir='ltr'>Civile,</span> <span class='ocrx_word' id='word_1_223' title='bbox 1038 2929 1101 2993; x_wconf 92' lang='lat' dir='ltr'>quo</span> 
     </span>
    </p>

    <p class='ocr_par' dir='ltr' id='par_1_10' title="bbox 64 2991 1103 3162">
     <span class='ocr_line' id='line_1_31' title="bbox 64 2991 1103 3077; baseline -0.005 -18"><span class='ocrx_word' id='word_1_224' title='bbox 64 2994 186 3059; x_wconf 84' lang='lat' dir='ltr'>sointer</span> <span class='ocrx_word' id='word_1_225' title='bbox 207 3015 241 3056; x_wconf 86' lang='lat' dir='ltr'>se</span> <span class='ocrx_word' id='word_1_226' title='bbox 262 3003 387 3058; x_wconf 90' lang='lat' dir='ltr'>certant</span> <span class='ocrx_word' id='word_1_227' title='bbox 408 2996 511 3077; x_wconf 78' lang='lat' dir='ltr'>cives,</span> <span class='ocrx_word' id='word_1_228' title='bbox 538 3002 574 3057; x_wconf 88' lang='lat' dir='ltr'>ut</span> <span class='ocrx_word' id='word_1_229' title='bbox 595 2993 718 3057; x_wconf 90' lang='lat' dir='ltr'>Marius</span> <span class='ocrx_word' id='word_1_230' title='bbox 740 3002 771 3057; x_wconf 89' lang='lat' dir='ltr'>et</span> <span class='ocrx_word' id='word_1_231' title='bbox 793 2992 899 3074; x_wconf 86' lang='lat' dir='ltr'>Sulla,</span> <span class='ocrx_word' id='word_1_232' title='bbox 929 2991 1050 3056; x_wconf 83' lang='lat' dir='ltr'>Caesar</span> <span class='ocrx_word' id='word_1_233' title='bbox 1070 3000 1103 3054; x_wconf 87' lang='lat' dir='ltr'>et</span> 
     </span>
     <span class='ocr_line' id='line_1_32' title="bbox 98 3075 727 3162; baseline -0.002 -23"><span class='ocrx_word' id='word_1_234' title='bbox 98 3075 290 3162; x_wconf 84' lang='lat' dir='ltr'>Pompeius,</span> <span class='ocrx_word' id='word_1_235' title='bbox 310 3078 478 3162; x_wconf 85' lang='lat' dir='ltr'>Augustus</span> <span class='ocrx_word' id='word_1_236' title='bbox 502 3086 534 3141; x_wconf 88' lang='lat' dir='ltr'>et</span> <span class='ocrx_word' id='word_1_237' title='bbox 554 3076 727 3140; x_wconf 88' lang='lat' dir='ltr'>Antonius.</span> 
     </span>
    </p>
   </div>
   <div class='ocr_carea' id='block_1_7' title="bbox 269 3215 928 3286">
    <p class='ocr_par' dir='ltr' id='par_1_11' title="bbox 269 3215 928 3286">
     <span class='ocr_line' id='line_1_33' title="bbox 269 3215 928 3286; baseline -0.005 -3"><span class='ocrx_word' id='word_1_238' title='bbox 269 3219 378 3283; x_wconf 85' lang='lat' dir='ltr'>XLII.</span> <span class='ocrx_word' id='word_1_239' title='bbox 424 3219 547 3286; x_wconf 82' lang='lat' dir='ltr'>ORDO</span> <span class='ocrx_word' id='word_1_240' title='bbox 568 3218 704 3285; x_wconf 84' lang='lat' dir='ltr'>BELLI</span> <span class='ocrx_word' id='word_1_241' title='bbox 724 3215 928 3282; x_wconf 84' lang='lat' dir='ltr'>MARIANI.</span> 
     </span>
    </p>
   </div>
   <div class='ocr_carea' id='block_1_8' title="bbox 64 3325 1126 3583">
    <p class='ocr_par' dir='ltr' id='par_1_12' title="bbox 64 3325 1126 3583">
     <span class='ocr_line' id='line_1_34' title="bbox 183 3325 1126 3414; baseline 0.003 -23"><span class='ocrx_word' id='word_1_242' title='bbox 183 3329 396 3413; x_wconf 86' lang='lat' dir='ltr'>Inexplebilis</span> <span class='ocrx_word' id='word_1_243' title='bbox 409 3330 540 3396; x_wconf 89' lang='lat' dir='ltr'>honoris</span> <span class='ocrx_word' id='word_1_244' title='bbox 555 3331 652 3393; x_wconf 88' lang='lat' dir='ltr'>Marii</span> <span class='ocrx_word' id='word_1_245' title='bbox 672 3329 831 3414; x_wconf 85' lang='lat' dir='ltr'>cupiditas</span> <span class='ocrx_word' id='word_1_246' title='bbox 854 3329 1016 3391; x_wconf 88' lang='lat' dir='ltr'>decretam</span> <span class='ocrx_word' id='word_1_247' title='bbox 1030 3325 1101 3390; x_wconf 90' lang='lat' dir='ltr'>Sul·</span> <span class='ocrx_word' id='word_1_248' title='bbox 1113 3345 1126 3394; x_wconf 85' lang='lat'>1</span> 
     </span>
     <span class='ocr_line' id='line_1_35' title="bbox 98 3411 1100 3495; baseline -0.005 -18"><span class='ocrx_word' id='word_1_249' title='bbox 98 3411 150 3477; x_wconf 88' lang='lat' dir='ltr'>lae</span> <span class='ocrx_word' id='word_1_250' title='bbox 177 3413 346 3476; x_wconf 87' lang='lat' dir='ltr'>Ponticam</span> <span class='ocrx_word' id='word_1_251' title='bbox 394 3415 572 3478; x_wconf 86' lang='lat' dir='ltr'>rovinciam</span> <span class='ocrx_word' id='word_1_252' title='bbox 599 3412 703 3476; x_wconf 86' lang='lat' dir='ltr'>voluit</span> <span class='ocrx_word' id='word_1_253' title='bbox 733 3415 780 3476; x_wconf 90' lang='lat' dir='ltr'>eri</span> <span class='ocrx_word' id='word_1_254' title='bbox 804 3434 857 3476; x_wconf 85' lang='lat' dir='ltr'>ere</span> <span class='ocrx_word' id='word_1_255' title='bbox 878 3433 936 3495; x_wconf 92' lang='lat' dir='ltr'>per</span> <span class='ocrx_word' id='word_1_256' title='bbox 961 3411 1100 3494; x_wconf 84' lang='lat' dir='ltr'>rogatio-</span> 
     </span>
     <span class='ocr_line' id='line_1_36' title="bbox 64 3432 1100 3583; baseline 0.001 -28"><span class='ocrx_word' id='word_1_257' title='bbox 64 3512 175 3560; x_wconf 79' lang='lat' dir='ltr'>asnem</span> <span class='ocrx_word' id='word_1_258' title='bbox 187 3493 312 3580; x_wconf 88' lang='lat' dir='ltr'>Sulpici</span> <span class='ocrx_word' id='word_1_259' title='bbox 332 3432 454 3560; x_wconf 71' lang='lat' dir='ltr'>triluni</span> <span class='ocrx_word' id='word_1_260' title='bbox 472 3497 589 3583; x_wconf 90' lang='lat' dir='ltr'>plebis.</span> <span class='ocrx_word' id='word_1_261' title='bbox 627 3493 718 3558; x_wconf 89' lang='lat' dir='ltr'>Sulla</span> <span class='ocrx_word' id='word_1_262' title='bbox 738 3435 925 3580; x_wconf 83' lang='lat' dir='ltr'>indignatus</span> <span class='ocrx_word' id='word_1_263' title='bbox 947 3495 1100 3556; x_wconf 90' lang='lat' dir='ltr'>continuo</span> 
     </span>
    </p>
   </div>
   <div class='ocr_carea' id='block_1_9' title="bbox 0 0 1246 3960">
    <p class='ocr_par' dir='ltr' id='par_1_13' title="bbox 0 0 1246 3960">
     <span class='ocr_line' id='line_1_37' title="bbox 0 0 1246 3960; baseline 0 1"><span class='ocrx_word' id='word_1_264' title='bbox 0 0 1246 3960; x_wconf 95' lang='lat' dir='ltr'> </span> 
     </span>
    </p>
   </div>
  </div>
 </body>
</html>
