2482 3960
125 248 163 312 18
492 260 587 309 avon
604 262 750 309 ananan

163 437 310 511 xvnu.
345 446 537 528 aonam,
559 444 638 526 ou
653 442 703 508 m
725 444 850 529 noan
870 445 1088 513 uvnavm

433 612 436 617 ,
495 542 752 621 nnvsmns.

97 682 112 731 1
208 661 378 725 Menenius
399 660 563 744 Agrippa,
591 661 647 746 qui
668 661 880 758 dissidentem
900 661 1057 759 populum
1079 684 1129 741 sc-
1167 670 1172 685 ⁴

93 746 212 812 anatui
239 744 417 889 conligavit
447 750 543 827 atque
576 743 771 807 concihav1t.
828 743 956 841 Apprus
989 743 1127 830 Caecus,

122 829 177 915 qui
193 848 307 913 pacem
347 826 438 911 yrrhi
454 825 596 907 diremit,
615 848 656 890 ne
672 826 827 911 populus,
850 829 990 911 quisuis
1009 849 1150 974 pareres

95 909 285 991 avoluerat,
324 909 383 972 sub
413 908 556 972 externis
582 908 715 993 regibus
744 919 928 994 regeretur.
972 909 1013 974 Ti
1039 913 1127 975 erius

123 993 306 1074 Gracchus,
345 993 400 1078 qui
428 990 613 1075 Scipionem
636 991 818 1055 Asiaticum
846 993 994 1091 quamvis
1021 993 1129 1058 inimi-

121 1100 195 1141 cum
216 1076 365 1156 haberet,
399 1095 465 1137 non
487 1081 536 1137 est
557 1095 672 1158 passus
695 1096 714 1137 a
736 1074 876 1138 tribums
901 1077 937 1140 in
961 1096 1127 1141 carcerem

122 1161 211 1240 duci,
260 1159 326 1223 uod
350 1157 472 1221 fficeret
493 1156 586 1220 nefas
606 1157 654 1221 ibi
676 1178 748 1220 esse
769 1156 971 1243 Scipionem,
994 1159 1052 1224 ubi
1075 1181 1127 1225 ca-

121 1244 204 1329 ptivi
231 1181 320 1305 idias
347 1240 454 1304 adhuc
475 1238 600 1322 alligati
623 1247 821 1305 tenerentur.
865 1239 931 1305 Hic
953 1249 1003 1306 est
1025 1241 1159 1308 Grac-u

122 1327 256 1390 chorum
273 1333 380 1409 pater,
408 1326 464 1409 qui
489 1322 524 1386 in
539 1321 719 1405 tribunatu,
743 1344 817 1387 cum
896 1325 974 1387 ariis
996 1323 1127 1425 legibus

93 1409 299 1480 4seditiones
328 1408 524 1486 excitarent,
552 1405 716 1470 interfecti
738 1414 822 1470 sunt.
901 1407 1024 1472 ecimus
1043 1407 1127 1473 Bru·

121 1503 174 1556 tus
202 1489 382 1571 Callaicus,
429 1490 486 1588 qui
519 1486 557 1552 C.
586 1488 770 1554 Gracchum
801 1511 958 1574 generum
987 1511 1008 1554 a
1049 1493 1127 1556 ariis

122 1574 250 1658 legibus
276 1574 325 1636 rei
356 1571 506 1658 publicae
537 1579 654 1635 statum
684 1572 870 1636 turbantem
894 1594 968 1638 eum
995 1511 1126 1659 (liano

96 1658 255 1730 aconsule
276 1655 446 1740 oppressit.
489 1653 535 1719 M.
557 1654 694 1736 Brutus,
716 1655 773 1742 qui
792 1655 928 1742 Pompei
945 1665 1056 1743 partes
1078 1673 1154 1722 sse-u

122 1748 230 1819 cutus,
251 1759 329 1801 mox
349 1759 370 1799 a
392 1736 532 1801 Caesare
552 1739 724 1801 restitutus
746 1739 781 1802 in
801 1749 937 1804 mortem
959 1740 1029 1805 eius
1054 1761 1127 1805 con·

96 1821 258 1901 oinravit,
291 1819 378 1905 quod
395 1819 547 1882 affectare
568 1841 686 1883 nomen
706 1823 833 1904 regium
853 1822 1029 1886 videretur.
1073 1822 1128 1889 Li·

121 1905 194 1968 vius
222 1903 367 1982 Drusus,
392 1903 449 1987 qui
477 1903 614 1986 agrariis
640 1902 768 1986 legibus
797 1903 1011 1989 promulgatis
1043 1927 1127 1971 sum·

121 2008 209 2051 mum
224 1983 338 2071 populi
356 1983 495 2049 Romani
514 1985 660 2050 favorem
680 1995 886 2068 consecutus,
909 2009 951 2051 ne
966 1990 1127 2073 promissa
1143 2006 1146 2013 ’
1170 2042 1172 2073 ἓ

122 2069 306 2170 perficeret,
328 2091 388 2154 per
409 2068 545 2132 insidias
569 2091 589 2131 a
607 2069 695 2132 Phili
717 2091 759 2154 po
784 2070 916 2135 consule
936 2070 1024 2135 domi
1048 2084 1172 2141 suiteni

97 2153 312 2222 imterfectus
341 2160 400 2216 est.
444 2152 593 2216 Lutatius
619 2092 770 2234 Catulus,
798 2153 854 2239 qui
873 2153 1035 2238 Lepidum
1055 2165 1127 2221 acta

124 2236 233 2301 Sullae
252 2235 439 2300 rescindere
458 2235 622 2300 volentem
642 2235 771 2300 admoto
790 2237 938 2301 exercitu
960 2235 1060 2301 Italia
1077 2238 1126 2303 fu·

124 2322 215 2404 gavit
232 2328 276 2382 et
305 2319 393 2382 solus
423 2319 566 2383 omnium
588 2319 658 2382 sine
694 2319 852 2402 sanguine
876 2317 1000 2384 bellum
1028 2321 1126 2386 civile

100 2401 275 2470 soonfecit.
325 2400 407 2466 Cato
429 2401 620 2482 Censorius,
647 2403 702 2487 qui
723 2402 842 2466 totiens
869 2410 1039 2466 accusatus
1066 2412 1125 2485 eat,

125 2493 157 2548 et
177 2483 284 2570 quoad
301 2485 386 2547 vixit
399 2484 545 2548 nocentis
564 2503 716 2547 accusare
733 2505 798 2548 non
815 2485 948 2549 destitit.
992 2484 1059 2551 Hic
1076 2495 1150 2555 esta

125 2569 269 2631 omnium
285 2587 393 2629 rerum
412 2566 626 2650 peritissimus
647 2574 692 2648 et,
710 2574 746 2629 ut
768 2567 921 2633 Sallustio
941 2567 1059 2655 Crispo
1079 2573 1126 2634 vi·

4 2704 6 2720 ,
99 2650 236 2731 odetur,
251 2648 390 2712 Romani
408 2650 537 2732 generis
550 2648 791 2714 disertissimus.
836 2650 918 2716 Cato
934 2655 1126 2736 praetorius,

126 2734 181 2818 qui
208 2731 295 2796 bello
326 2730 415 2796 civili
442 2739 552 2816 partes
576 2731 658 2795 Pom
699 2734 711 2795 i
743 2741 871 2799 secutus
900 2736 984 2799 mori
1012 2735 1128 2800 maluit

83 2829 223 2901 loquum
244 2824 407 2913 superstes
430 2836 503 2877 esse
524 2815 573 2878 rei
592 2815 742 2900 pubicae
765 2817 931 2882 servienti.
975 2817 1125 2902 Scaurus,

127 2900 183 2985 qui
209 2906 312 2962 veunt
336 2897 440 2963 filium
466 2898 501 2960 in
531 2908 740 2984 conspectum
767 2916 860 2967 suum
884 2902 1013 2982 venire„
1050 2903 1153 2987 quiaa

83 2994 113 3043 11
127 2981 213 3047 bello
237 2979 399 3046 Cimbrico
422 2981 619 3046 deseruerat.
664 2979 772 3067 Scipio
793 2981 928 3065 Nasica,
954 2985 1026 3069 qui,
1050 2987 1127 3070 quia

125 3085 192 3127 non
203 3065 267 3137 rite
281 3065 492 3149 inauguratus
505 3063 617 3128 consul
628 3065 808 3148 videretur,
829 3066 1000 3131 consulatu
1017 3089 1053 3131 se
1071 3068 1126 3132 ab·

126 3147 248 3210 dicavit
269 3155 302 3210 et
327 3147 456 3210 domitis
481 3147 642 3212 Dalmatis
668 3148 811 3214 oblatum
834 3169 854 3213 a
882 3160 995 3215 senatu
1015 3152 1126 3215 trium·

125 3229 225 3314 phum
254 3229 439 3312 repudiavit
469 3238 670 3317 statuasque,
710 3253 790 3317 quas
823 3232 887 3297 sibi
921 3235 1058 3321 quisque
1092 3235 1127 3299 in

124 3310 256 3396 publico
275 3319 441 3396 posuerat,
468 3314 504 3375 in
520 3334 656 3378 censura
670 3336 728 3378 sua
748 3315 889 3380 sustulit.
935 3316 1072 3382 Censuit
1088 3317 1154 3384 ina

126 3402 242 3458 senatu
265 3403 374 3457 tamen
402 3393 632 3479 Carthaginem
656 3418 722 3460 non
746 3419 817 3461 esse
835 3398 1020 3464 delendam:
1052 3421 1126 3486 pro·

85 3497 118 3548 12
126 3487 239 3564 pterea
271 3477 410 3561 optimus
439 3477 609 3542 iudicatus.
660 3478 832 3545 Cornelius
858 3481 1038 3568 Cethegus,
1070 3483 1126 3570 qui
