2482 3960
222 261 328 308 meaa
350 256 579 308 nnuosrama.
602 239 906 321 XXVIJ—XXX.
1020 245 1062 307 23

60 411 123 477 bus
143 413 230 476 inter
249 409 422 479 Gaesarem
441 416 473 472 et
485 407 566 471 Pom
589 409 675 473 sium
694 414 726 471 et
746 427 902 492 oppressa
922 428 981 494 per
994 408 1062 471 vim

60 494 210 559 libertate
236 491 297 557 sub
321 493 417 556 unius
440 491 557 556 Caesa
614 498 807 577 potestatem
826 490 957 554 redacta
986 493 1062 556 sunt

60 580 177 641 omnia.
228 575 284 641 Ex
314 596 352 644 eo
379 581 536 661 perpetua
564 572 740 640 Caesarum
768 572 928 637 dictatura
961 573 1061 637 domi-

59 669 166 724 natur.

34 808 49 850 s
123 787 236 859 xxx.
302 786 483 852 mrrrvn
513 783 656 859 arear
686 781 997 871 mrnamnrrs.

145 898 251 984 Cyrus
273 917 334 962 rex
344 898 518 962 Persarum
560 897 660 960 rimus
681 897 852 980 imperium
862 893 968 959 Medis
985 895 1059 958 ado·
1070 915 1085 965 1

56 982 131 1044 mit:
152 981 233 1045 duos
254 981 339 1045 filios
363 981 425 1045 reli
446 982 495 1044 uit
546 979 704 1065 ambysen
726 987 759 1043 et
781 977 949 1042 Smerden.
993 978 1060 1044 Ho-

57 1086 130 1128 rum
164 1063 343 1149 Cambyses
377 1003 530 1127 delimato
562 1061 671 1149 patre,
708 1061 796 1148 quod
828 1063 932 1125 maior
966 1071 1060 1145 esset,

58 1145 217 1212 Smerden
245 1148 280 1210 in
304 1147 385 1211 solio
413 1144 579 1210 sedentem
599 1167 638 1210 ca
660 1147 704 1209 ite
730 1145 855 1209 caelum
872 1145 1002 1230 pulsare
1029 1152 1061 1209 ia

25 1241 50 1284 1⁰
59 1237 168 1297 somnis
192 1235 295 1295 videns
314 1229 526 1294 occidendum
549 1166 659 1316 [eumf
674 1229 815 1293 curavit:
843 1229 913 1312 ipso
942 1228 1061 1292 deinde

56 1322 226 1376 revertens
258 1313 300 1377 ab
331 1313 506 1398 Aethiopia
537 1311 635 1376 rebus
667 1313 688 1388 †
718 1311 889 1397 perfractis
921 1331 995 1374 cum
1025 1313 1061 1374 in

56 1397 246 1480 Aegyptum
265 1394 419 1476 Memphin
440 1397 586 1459 venisset
605 1394 792 1480 incolasque
820 1395 888 1457 eius
910 1393 974 1456 looi
995 1393 1061 1457 lae·

56 1487 163 1541 tantos
191 1478 400 1561 advertisset,
426 1487 516 1542 ratus
544 1479 618 1542 illos
640 1477 788 1551 adversis
809 1477 876 1539 suis
903 1476 1088 1543 insultaret

56 1561 147 1645 Apin
167 1563 202 1624 in
214 1561 336 1626 femine
352 1562 537 1626 vulneravit
557 1561 734 1645 eodemque
754 1562 822 1624 ictu
843 1559 970 1623 occidit.
1007 1559 1060 1630 In·

24 1661 47 1702 rs
58 1645 154 1707 terim
164 1665 280 1729 magus
297 1645 437 1730 quidam,
461 1643 622 1726 Smerdes,
643 1643 824 1708 Patizithae
845 1642 959 1723 frater,
982 1642 1061 1707 abu·
1144 1662 1146 1664 ’

54 1735 129 1789 tens
157 1728 301 1808 nomine,
331 1749 374 1792 ex
402 1727 526 1792 formae
552 1749 630 1791 suae
657 1726 868 1792 similitudine
894 1725 997 1790 filium
1025 1747 1061 1790 se

57 1807 139 1892 Cyri
157 1809 325 1896 professus
338 1831 475 1894 regnum
488 1809 656 1874 Persicum
675 1811 850 1873 invaserat.
885 1806 982 1887 Quod
1002 1809 1062 1872 ubi

57 1889 216 1975 Cambysi
234 1893 417 1956 nuntiatum
437 1901 501 1974 est,
531 1892 661 1978 regredi
682 1893 716 1955 in
734 1894 873 1978 patriam
893 1901 1060 1956 maturans

57 1972 177 2038 oblitus
204 1984 254 2039 est
280 1973 443 2059 gladium,
471 1996 534 2060 quo
555 1975 645 2060 Apin
670 1975 893 2056 interfecerat,
920 1977 1061 2059 vaginae

19 2068 47 2108 2⁰
56 2056 211 2121 reddere:
242 2057 330 2144 quod
357 2079 430 2120 eum
457 2067 627 2121 conaretur
656 2057 801 2138 efficere,
831 2058 939 2121 fernen
967 2080 1061 2120 suum

55 2139 242 2205 vulneravit
260 2150 292 2205 et
311 2150 528 2225 campartem,
570 2140 656 2204 uaA
679 2141 714 2203 in
731 2141 970 2204 vulneraverat.
1005 2141 1060 2204 Ex

56 2222 171 2286 eodem
184 2223 321 2288 vulnere
335 2225 370 2286 in
385 2224 497 2308 paucis
514 2223 566 2287 die
590 2244 628 2286 us
648 2245 667 2286 o
691 2223 739 2286 iit.
783 2222 836 2286 De
850 2224 941 2287 cuius
955 2231 1087 2286 mortes

53 2313 227 2448 gostquam
256 2307 374 2371 certior
407 2308 539 2370 nuntius
572 2306 615 2370 ad
644 2306 761 2370 Persas
792 2307 896 2387 venit,
937 2306 1060 2370 Otanes

84 2387 279 2474 haedymam
299 2389 400 2453 filiam
422 2411 529 2470 suam,
558 2410 696 2475 quaeum
718 2387 867 2454 Smerdes
890 2397 1060 2453 consuetu-

16 2488 45 2529 ra
56 2469 166 2534 dinem
193 2471 349 2554 habebat,
380 2472 522 2554 edocuit,
550 2481 600 2553 ut,
629 2494 701 2536 cum
728 2472 783 2536 ille
810 2475 933 2558 sopitus
963 2480 1058 2553 esset,

53 2561 163 2616 utrum
185 2576 278 2619 aures
298 2563 400 2620 tectas
421 2557 522 2620 comis
545 2555 678 2619 haberet
698 2556 949 2640 periclitaretur,
979 2556 1060 2618 ecie-

52 2635 111 2698 bat
134 2639 219 2700 enim
240 2659 260 2701 a
280 2638 306 2703 O
350 2659 368 2702 ο
390 2637 517 2712 Smerdi
538 2660 633 2723 mago
658 2638 752 2702 adem
774 2646 824 2702 tas
844 2659 950 2702 aures.
978 2636 1060 2701 'Illa

52 2717 174 2783 falsum
196 2742 268 2784 esse
313 2722 447 2786 merden
474 2722 687 2786 confirmavit.
760 2742 824 2785 unc
851 2730 975 2807 septem
1000 2732 1085 2784 nont

52 2799 207 2866 bilissimi
218 2803 340 2868 Persae
360 2807 445 2868 inter
458 2825 493 2868 se
506 2806 773 2885 coniuraverunt3
797 2826 908 2868 corum
925 2805 1058 2868 nomina

14 2883 136 2947 ethaeo
158 2887 247 2950 sunt:
277 2887 414 2970 Otanes,
436 2887 470 2950 H
493 2888 625 2968 darnae,
647 2887 860 2972 Aspathines,
889 2886 1058 2972 Intapher-

42 2989 130 3048 nes,
169 2968 386 3055 Megabyzus,
419 2910 575 3052 Gulusa,
612 2971 745 3034 Darius.
799 2969 928 3033 Deinde
959 2989 1056 3052 mago

53 3047 189 3114 Smerde
216 3053 386 3118 interfecto
414 3055 662 3135 constituerunt,
694 3056 743 3116 uti
765 3061 900 3138 excepto
920 3051 1057 3137 posthac

53 3131 160 3197 Otene
183 3157 226 3200 ex
246 3136 345 3214 †illis
368 3145 529 3221 regnaret,
552 3139 643 3201 cuius
667 3158 684 3200 e
706 3158 768 3200 uus
783 3137 906 3221 primus
929 3137 964 3198 in
983 3135 1056 3198 loeo

54 3237 149 3299 quem
162 3217 360 3302 delegissent
373 3219 541 3284 hinnisset.
586 3219 679 3283 Tunc
725 3219 852 3298 ebares,
874 3239 973 3302 agaso
986 3216 1083 3285 Da-5

18 3310 44 3352 ³⁵
53 3298 95 3361 rii
101 3346 110 3377 ,
134 3321 252 3386 equum
268 3301 390 3366 domini
410 3304 453 3367 ad
474 3302 582 3366 locum
601 3303 802 3388 praedictum
822 3302 930 3366 duxit:
957 3301 979 3379 †
1000 3300 1057 3363 ille

54 3378 118 3443 alio
139 3382 210 3446 loco
233 3383 425 3449 abscondet:
442 3394 525 3450 tunc
546 3407 647 3470 equus
660 3384 756 3449 Darii
776 3406 930 3470 magnum
950 3383 1057 3447 hinni-

53 3470 122 3526 tum
143 3466 243 3529 dedit.
287 3466 339 3530 Ita
363 3467 482 3532 Darius
504 3491 641 3554 regnum
663 3471 814 3554 optinuit,
836 3489 855 3531 a
876 3488 938 3553 quo
959 3467 1057 3529 Arta·
