2482 3960
275 266 382 313 arsur
404 260 631 313 uauoamms.
659 246 981 312 xxx—XXXVI.
1090 255 1132 314 25

120 440 186 485 rex
207 417 374 502 appellari.
417 415 615 497 Antiochus,
659 416 693 479 ui
714 418 780 479 iam
799 416 937 501 scriptus
961 425 1019 479 est.
1064 417 1158 485 ‘Eu-2

122 523 235 566 menes
258 501 358 580 alius,
382 501 437 584 qui
449 500 611 563 Romanos
660 499 836 563 acedonico
850 497 937 562 bello
953 501 1037 564 iuvit
1057 522 1130 564 cum

121 585 225 648 milite
254 605 322 647 suo.
367 583 512 663 Attalus,
543 584 599 667 qui
619 604 678 667 pro
698 583 853 647 Romanis
884 603 980 668 saepe
1004 597 1158 668 pugna·3

123 667 297 815 yitptidem
318 675 521 732 testamento,
535 687 592 728 suo
607 665 763 750 populum
775 666 957 729 Romanum
979 665 1131 731 heredem

95 773 109 813 s
141 773 214 815 eor.
315 809 325 817 .

166 873 352 940 XXXIIII.
396 872 543 937 REGES
571 872 709 938 PONTI
735 874 796 938 ET
822 874 1086 938 BITHYNIAE.

183 1057 185 1062 ¹
208 987 408 1066 Pharnaces,
436 1007 496 1049 rex
517 987 705 1072 Bithyniae,
728 987 813 1050 filius
836 978 1051 1067 Mithridatis,
1074 987 1154 1070 quil

121 1069 209 1133 bello
232 1069 321 1133 civili
348 1069 434 1153 quod
456 1071 490 1133 in
511 1069 684 1133 Pharsalia
710 1079 839 1154 gestum
862 1079 925 1152 est,
953 1071 1055 1134 milite
1075 1090 1130 1154 pa-

121 1155 180 1215 tris
198 1154 249 1216 sui
264 1151 392 1238 Syriam
413 1154 542 1233 invasit,
565 1166 597 1215 et
619 1154 763 1217 adventu
777 1153 936 1236 Caesaris,
959 1163 1131 1251 antequam

85 1263 113 1304 ro
123 1238 159 1299 in
176 1257 383 1320 congressum
404 1237 472 1299 eius
487 1238 628 1317 veniret,
651 1239 721 1322 ipso
734 1248 856 1303 terrore
869 1237 1008 1301 nominis
1024 1245 1129 1299 victus

123 1319 245 1402 refugit
272 1321 306 1381 in
328 1319 477 1383 Pontum.
521 1319 655 1383 Prusias
682 1342 757 1401 rex,
789 1322 910 1384 amicus
932 1341 974 1405 po
998 1320 1044 1382 uli
1066 1319 1159 1383 Ros

122 1405 229 1484 mani,
257 1402 299 1465 ed
327 1425 422 1487 quem
442 1402 587 1465 Annibal
613 1404 700 1467 victo
721 1402 883 1467 Antiocho
906 1342 1068 1486 conligit,
1098 1411 1130 1464 et

124 1508 197 1550 cum
219 1508 238 1548 a
260 1508 337 1569 rege
365 1508 406 1549 ex
430 1494 595 1548 oseeretur
615 1509 673 1571 per
694 1487 817 1570 legatos
842 1507 971 1572 veneno
995 1506 1029 1547 se
1051 1484 1130 1554 libe·

123 1571 219 1633 ravit.
264 1508 473 1651 Nicomedes,
502 1570 608 1632 socius
636 1579 667 1634 et
694 1571 817 1633 amicus
844 1591 885 1654 po
908 1569 956 1633 uli
981 1569 1159 1648 Romani,3

86 1679 114 1720 rs
124 1653 160 1714 in
185 1653 276 1715 cuius
304 1653 446 1715 amicitia
472 1653 577 1736 prima
599 1661 705 1716 aetate
727 1652 850 1717 Caesar
878 1592 954 1734 lllit,
985 1653 1040 1737 qui
1064 1671 1131 1713 mo-

124 1737 211 1894 died?
234 1745 425 1882 testtamento
449 1745 480 1798 et
507 1737 577 1820 ipse
598 1737 752 1820 populum
773 1737 954 1800 Romanum
978 1735 1132 1798 heredem

192 1841 276 1882 nnisr
294 1867 301 1881 .

279 1942 423 2007 xxxv.
468 1912 616 2007 anons
634 1943 977 2007 Annxnuoamn.

208 2053 287 2117 Post
320 2063 455 2117 mortem
481 2054 663 2118 Alexandri
689 2054 877 2118 Macedonis
912 2059 1155 2136 regnaverunt}

86 2155 114 2194 ro
124 2136 346 2200 Alexandriae
359 2138 380 2214 †
392 2138 442 2200 Ae
512 2146 580 2200 tum
598 2147 669 2201 octo
686 2137 864 2200 Ptolemaei
878 2137 1017 2216 nomine,
1039 2134 1132 2197 multi

126 2219 298 2283 clarissimi
324 2220 398 2284 viri.
443 2159 652 2284 Philemaeus
680 2221 877 2304 Euergetes,
907 2221 962 2304 qui
986 2218 1158 2280 Alexan-2

126 2303 219 2366 drum
242 2312 319 2389 aput
338 2303 530 2386 Oxydracas
551 2303 676 2367 obiecto
701 2303 804 2388 clipeo
826 2303 979 2389 protexit.
1024 2301 1131 2364 Ptole·

124 2407 250 2466 maeus,
280 2387 349 2449 eius
371 2385 472 2468 filius,
498 2386 745 2472 Philadelphus,
775 2386 1042 2465 litteratissimus,
1076 2384 1132 2469 qui

122 2468 279 2553 plurimos
304 2469 404 2533 libros
433 2470 575 2534 Graecos
604 2471 743 2569 scripsit.
794 2470 998 2534 Ptolemaeus
1027 2468 1162 2546 suess

88 2570 116 2610 as
126 2553 182 2636 q'ui
193 2553 319 2637 ingenti
331 2552 435 2616 classe
451 2553 595 2616 Rhodios
611 2555 701 2617 vic1t.
746 2553 951 2618 Ptolemaeus
966 2551 1131 2637 Tryphon,

147 2635 182 2699 ui
204 2637 375 2701 seditiosos
397 2638 433 2699 in
444 2636 569 2700 theatro
593 2638 719 2720 sagittis
742 2637 869 2718 occidit,
892 2637 972 2700 alios
993 2633 1131 2698 flammis

125 2658 226 2783 dedit.
269 2718 376 2783 Huius
395 2719 480 2782 filius
502 2721 523 2797 †
542 2718 651 2804 Cipris
672 2741 732 2805 pro
743 2720 899 2784 Romanis
920 2719 1022 2783 multa
1042 2717 1160 2781 bellat

148 2804 227 2866 cssit
255 2802 413 2867 adversus
442 2802 654 2867 Garamantas
687 2811 722 2873 et
742 2802 854 2867 Indos.
914 2802 1130 2882 Ptolemaeus,

124 2824 274 2971 Pupillus
297 2886 416 2966 dictus,
445 2887 500 2971 qui
519 2886 710 2971 Pompeium
729 2893 869 2949 tutorem
897 2907 917 2948 a
935 2893 1059 2956 senatu
1081 2903 1132 2946 ac-

89 2970 228 3067 socepit,
243 2970 361 3067 ,donec
384 2969 590 3053 pubesceret,
618 2978 650 3032 et
669 2977 783 3054 postea
805 2969 896 3032 civili
920 2967 1007 3031 bello
1029 2987 1049 3029 a
1071 2966 1133 3029 Po-

126 3050 219 3115 thmo
241 3053 431 3116 interfectus
451 3061 510 3115 est.

126 3189 290 3254 XXXVI.
334 3189 483 3255 DVOES
510 3188 745 3352 ETspthtliES
772 3185 1135 3254 OAR'PHAGINIEN·

210 3397 329 3462 Hanno
358 3406 390 3461 et
411 3399 524 3482 Mago,
553 3402 609 3484 qni
630 3406 731 3478 primo
752 3397 876 3462 Punico
902 3395 988 3461 bello
1012 3372 1158 3460 Oomesst

85 3481 206 3549 aslium
228 3480 393 3544 consulem
413 3483 500 3566 apud
519 3483 655 3568 Liparas
678 3490 843 3568 ceperunt.
874 3479 1057 3560 Hamilcar,
1076 3479 1159 3564 quia
