2482 3960
195 296 301 343 muna
319 297 547 345 nunoamms.
569 281 681 345 VIIII.
695 281 738 344 X.
751 282 813 345 XI.
826 283 896 346 XII
917 285 1014 350 XIII.
1064 290 1096 351 11

93 449 227 512 tertium
249 448 448 511 conditorem
471 447 492 523 t
514 446 578 510 loci
600 449 650 510 sni
674 448 829 512 Hellenos
853 448 980 534 dieunt3
1008 475 1101 536 quar·

91 541 146 595 tus
170 530 284 595 Oronii
309 529 394 594 filius
423 540 454 593 et
476 530 664 613 Cartheres,
696 553 791 617 quem
815 531 1101 618 Carthaginienses

92 614 219 695 colunt,
235 614 322 678 unde
342 613 507 697 Carthago
527 613 614 678 diota
633 622 697 696 est3
719 616 850 700 quintus
868 615 986 680 Libani
1004 617 1100 700 filius,

91 699 149 782 qui
179 719 253 760 eum
280 711 363 780 'rege
391 696 562 760 Medorum
611 701 767 781 ugnavit3
804 708 914 762 sextus
942 700 1031 765 Iovis
1060 723 1103 765 ex

66 779 288 861 sAloumena,
317 781 372 865 qui
394 779 567 857 †Atlanta
588 719 708 844 docuit.

403 912 446 975 X.
489 912 553 976 DE
574 913 787 978 IMPERIIS.

175 1029 316 1114 Imperia
330 1029 372 1093 ab
392 1030 524 1093 ineunte
547 1032 621 1094 aevi
642 1032 797 1095 memoria
816 1032 948 1096 fuerunt
967 1042 1100 1118 septem.

10 1114 15 1197 ζ
90 1111 194 1176 Primi
215 1134 323 1176 rerum
365 1114 438 1177 otiti
463 1122 538 1177 sunt
554 1114 619 1177 Ass
643 1115 699 1196 rii,
722 1115 840 1180 deinde
861 1115 965 1198 Medi,
988 1125 1101 1202 postea

10 1204 13 1251 t
91 1195 228 1277 Persae,
247 1204 316 1259 tum
358 1195 594 1278 acedaemonii,
612 1136 688 1261 dein
699 1198 936 1282 Athenienses3
953 1209 1027 1285 post
1041 1200 1099 1264 hos

10 1292 17 1357 i
61 1304 85 1346 ro
94 1279 171 1343 inde
192 1279 405 1344 Macedones:
436 1281 483 1343 sie
506 1278 623 1344 deinde
644 1280 791 1345 Romani.

10 1384 20 1549 p
314 1408 376 1472 xr.
415 1409 563 1475 anons
584 1410 882 1476 Assmronvu.

176 1523 277 1588 Belus
298 1546 375 1606 rex,
398 1525 487 1590 Iovis
511 1526 611 1609 filius,
640 1529 731 1591 euius
753 1530 876 1614 posteri
896 1550 955 1612 per
976 1527 1123 1597 Ninuml

90 1610 193 1674 Asiae
219 1618 456 1693 regnaverunt,
488 1631 547 1695 per
567 1609 754 1709 Aegyptum
780 1612 922 1696 Libyae,
953 1633 1013 1697 per
1033 1612 1100 1676 Da-

92 1713 192 1757 naum
209 1691 371 1778 Europae.
416 1691 521 1755 Ninus
535 1715 610 1775 rex,
626 1716 681 1792 qm
699 1696 823 1780 primus
839 1696 984 1758 exercitu
997 1713 1125 1781 prope2

62 1806 84 1848 u
93 1787 195 1841 totam
224 1776 339 1838 Asiam
373 1774 434 1838 sub
466 1798 501 1839 se
531 1778 659 1861 redegit
690 1787 722 1841 et
749 1779 961 1843 clarissimam
985 1778 1100 1842 urbem

91 1858 231 1923 nominis
273 1860 323 1922 sui
357 1859 502 1923 condidit
533 1859 652 1924 Ninon.
708 1860 911 1940 Semiramis,
947 1861 1126 1926 Dercetis3

91 1942 254 2028 nymphae
279 1941 363 2023 filia,
391 1963 411 2004 a
433 1941 590 2006 columbis
624 1944 754 2026 educta,
782 1966 866 2008 uxor
894 1944 973 2006 Nini
1002 1945 1099 2023 reis,

90 2027 184 2090 euius
206 2032 281 2110 post
301 2034 437 2090 mortem
458 2047 595 2108 regnum
616 2025 695 2090 Nini
716 2027 884 2111 ampliavit
905 2028 1020 2108 armis3
1038 1965 1099 2088 dn-

92 2109 181 2173 diam
210 2115 336 2193 quoque
363 2129 478 2193 parurn
505 2130 661 2194 prospera
688 2109 895 2194 expeditione
917 2111 1098 2194 temptavit.

58 2191 185 2260 roHaee
218 2190 332 2255 urbem
385 2191 613 2255 uloherrimam
644 2194 799 2272 omnium,
832 2213 915 2276 quae
947 2211 1115 2276 umquam.

90 2275 239 2355 fuerunt,
263 2214 436 2360 Babylbna
457 2275 623 2338 constituit
642 2297 739 2360 supra
761 2274 882 2336 flumen
895 2273 1096 2358 Euphraten.

91 2356 361 2442 Sardanapallus,
396 2360 452 2443 qui
482 2357 523 2422 ob
555 2359 670 2421 nimias
704 2357 838 2422 delicias
872 2365 904 2421 et
934 2356 1124 2426 luxuriam

88 2441 219 2528 perdito
236 2461 351 2525 regno,
373 2463 414 2505 ne
435 2443 470 2504 in
489 2449 682 2526 potestatem
703 2441 843 2504 hostium
864 2441 1005 2521 veniret,
1026 2462 1098 2503 eum

72 2523 230 2603 ‘exoletis
247 2525 313 2588 suis
328 2546 492 2588 venenum
511 2522 595 2587 bibit
615 2534 646 2588 et
668 2527 737 2609 igni
758 2522 901 2588 subiecto
922 2525 994 2586 ou'rn
1008 2524 1099 2607 regia

53 2627 154 2682 „sua
177 2607 399 2691 conflagravit.

334 2739 414 2803 XII.
451 2739 597 2804 REGES
618 2740 855 2804 MEDORVM.

176 2856 337 2938 Arbaoes,
397 2859 498 2920 rimus
526 2879 599 2939 rex,
635 2859 690 2942 qui
725 2880 856 2922 eversas
888 2859 1100 2942 Assyriorum

10 2970 13 3039 y
89 2960 170 3023 opes
198 2938 329 3003 luxuria
357 2880 583 3027 sbrdanapalli
611 2941 776 3004 transtulit
804 2942 822 2978 ’⁵‘
834 2941 879 2979 ³²*
901 2940 1019 3024 eosque
1051 2940 1099 3001 iu-

10 3070 12 3101 :
89 3024 234 3087 stissime
254 3025 350 3087 rexit.
394 3025 573 3109 Astyages,
597 3025 649 3087 vir
666 3024 759 3086 fortis
780 3032 811 3086 et
826 3025 942 3103 iustus,
987 3023 1021 3084 ui
1040 3039 1099 3104 per

10 3114 12 3123 '
51 3105 231 3176 winsidias
253 3107 358 3170 vietus
385 3128 405 3169 a
428 3105 515 3193 Cyro
539 3115 600 3188 est,
628 3116 660 3168 et
681 3106 874 3170 dissolutum
901 3114 949 3168 est
1006 3103 1098 3166 ediae

87 3210 240 3272 regnum.

312 3320 410 3384 mn.
444 3320 591 3386 susus
613 3289 865 3384 russiam.

176 3435 286 3522 Cyrus
292 3486 301 3519 ,
329 3461 389 3502 rex
415 3439 625 3520 fortissimus,
655 3439 709 3537 qui
733 3438 855 3536 maiore
871 3444 972 3582 parte
995 3437 1121 3533 Asiae!

84 3519 227 3585 subacta
241 3521 406 3607 Europam
422 3544 548 3608 quoque
567 3523 757 3606 inruprsset,
779 3543 813 3582 m
834 3541 854 3582 a
901 3541 1005 3604 omyrr
1019 3516 1097 3604 Sey·
