2482 3960
167 215 209 277 at
539 227 805 290 nvc11aurnn11

168 378 267 442 bazes
290 379 449 463 originem
470 377 573 459 ducit,
618 399 693 440 uem
714 376 912 448 conditorem
932 378 1028 463 regni-
1041 377 1168 444 Mithri·
1191 442 1195 449 ,

170 461 253 524 datis
275 462 377 525 fuisse
399 461 567 524 confirmat
611 459 758 524 allnstius
782 459 927 545 Crispus.

354 601 485 666 XXXI.
529 599 676 665 RECES
697 598 985 664 PARTHORVM.

144 726 160 775 1
256 712 409 777 Seleucus
442 710 623 775 Alexandri
655 711 843 775 Macedonis
874 712 1006 776 amicus.
1060 714 1170 778 Huius
1204 757 1206 761 -

167 805 241 883 post
261 804 397 859 mortem
418 795 459 858 ab
471 795 612 859 Aridaeo
631 795 732 858 fratre
754 795 822 857 eius
844 794 951 857 iussus
964 795 1202 882 Babylonem

168 881 314 964 optinere
340 878 493 942 finitimos
521 877 581 941 sub
608 900 643 941 se
670 877 811 960 redegit,
845 877 931 940 unde
959 877 1092 942 Nicator
1121 889 1171 944 est

168 962 363 1047 appellatus,
390 970 421 1024 et
445 971 511 1024 tres
530 960 748 1024 validissimas
770 959 868 1022 urbes
889 962 1069 1043 constituit,
1100 963 1170 1029 An-

142 1044 337 1125 atioehiam,
366 1043 559 1124 Seleuciam,
586 1045 783 1108 Laodiciam.
827 1043 983 1126 Arsaces,
1011 1045 1117 1109 forma
1138 1055 1171 1110 et

168 1130 288 1191 virtute
308 1129 516 1213 praecipuus,
545 1129 636 1190 euius
680 1128 778 1190 osteri
798 1126 978 1190 Arsacidae
1005 1130 1170 1211 cognomi-

168 1212 236 1274 nati
250 1220 339 1291 sunt,
361 1210 416 1296 qui
431 1231 545 1295 pacem
565 1231 638 1274 cum
652 1149 742 1274 Sulla
759 1211 952 1294 imperatore
971 1210 1058 1273 feeit.
1086 1209 1203 1287 Oro-ro
1240 1222 1241 1225 ’

141 1294 254 1374 3des,'
267 1295 322 1380 qui
343 1293 459 1358 foedus
481 1314 554 1357 cum
577 1293 636 1358 Cn.
655 1293 808 1377 Pompeio
827 1294 1000 1376 percussit,
1022 1305 1051 1357 et
1071 1292 1170 1358 Cras-

167 1400 240 1441 sum
255 1399 328 1440 eum
346 1376 529 1459 legionibus
543 1376 630 1460 apud
644 1375 761 1440 Carras
776 1374 907 1438 funesta
921 1375 1013 1440 clade
1035 1375 1169 1441 delevit.

141 1461 326 1542 4Pacorus,
355 1462 410 1545 qui
435 1459 538 1522 filium
564 1479 658 1522 suum
684 1458 829 1521 eiusdem
856 1459 996 1522 nominis
1017 1460 1107 1522 misit
1134 1461 1173 1524 in·

167 1542 311 1628 Syriam,
346 1552 382 1607 ut
408 1542 570 1606 Romanas
621 1543 783 1605 rovincias
810 1540 1034 1626 popularetur,
1069 1551 1169 1627 atque

167 1627 239 1711 ipse
261 1648 281 1689 a
300 1626 454 1691 Ventidio
475 1625 582 1709 legato
598 1565 678 1688 lolii
702 1623 851 1688 Caesaris
874 1625 999 1688 occisus
1022 1634 1080 1688 est.
1179 1637 1202 1678 ¹⁵

168 1764 319 1830 XXXII.
346 1765 493 1830 REGES
513 1763 830 1830 CAPPADOCIAE
845 1762 905 1826 ET
919 1763 1169 1829 ARMENIAE.
1203 1854 1207 1863 Ι

143 1893 158 1941 1
256 1874 434 1973 Tigranes,
449 1877 504 1960 qui
525 1878 590 1938 iam
609 1875 747 1959 scriptus
768 1882 830 1952 est3
851 1873 907 1957 qui
927 1872 1033 1960 [tertio
1045 1874 1171 1939 Punico

167 1958 254 2023 bello
292 1956 450 2021 erdomurt
469 1957 528 2021 sub
542 1957 693 2020 Mancino
708 1955 840 2020 consule
856 1965 888 2018 et
901 1954 1051 2054 Scipione
1062 1957 1171 2020 Aemi-

143 1980 289 2140 ssianol
331 2040 457 2121 Bellus,
485 2063 546 2104 rex
572 2040 746 2103 Armeniae
795 2040 829 2101 ui
857 2060 930 2102 eum
955 2048 1110 2124 impetum
1136 2041 1172 2102 in

169 2125 342 2189 Cr'raecram
364 2124 496 2188 fecisset
523 2133 554 2187 et
571 2123 681 2208 Pythii
699 2062 861 2206 Apollinis
884 2121 1039 2219 templum
1059 2123 1203 2186 insen-n

143 2208 280 2288 adisset,
301 2215 492 2292 tempestate
512 2215 543 2271 et
562 2208 683 2289 frigore
706 2207 882 2269 exereitum
899 2205 1032 2269 amisit·
1104 2205 1172 2290 oly-

170 2291 286 2378 crates]
310 2312 371 2354 rex
384 2291 452 2376 Cap
475 2291 607 2354 adocias
629 2289 685 2386 qui
706 2286 999 2352 somniavit-solem
1015 2296 1047 2351 et
1073 2306 1173 2350 unam

142 2375 222 2438 4uri
237 2371 313 2518 ‹qui
333 2395 354 2436 a
373 2314 538 2459 praelecto
560 2372 655 2434 Darii
679 2372 765 2454 regis
789 2372 913 2434 occisus
937 2379 996 2435 est.
1040 2369 1172 2455 Epami-

170 2477 235 2519 non
259 2455 306 2542 as]
335 2458 404 2521 eius
432 2456 518 2519 filius
544 2476 619 2535 rex,
654 2453 721 2541 [qui
747 2453 875 2517 Thebas
905 2453 1105 2518 Graecorum
1130 2452 1173 2490 *³*

144 2539 345 2624 opugnando
366 2541 456 2603 vicit.
500 2537 678 2601 Periander
697 2558 770 2618 rex,
801 2538 856 2623 qui
878 2536 1027 2601 Corinthi
1053 2555 1202 2620 regna-a

144 2624 220 2686 orit
240 2622 282 2660 *a
303 2624 411 2686 omnia
430 2631 517 2685 terra
545 2629 576 2683 et
596 2620 677 2683 mari
697 2620 851 2683 Romanis
874 2620 1072 2704 subiugavit.
1118 2617 1173 2680 Ti·

169 2705 312 2784 moleon,
343 2707 397 2789 qui
420 2704 570 2769 Corinthi
595 2703 731 2769 fratrem
750 2724 842 2767 suum
862 2711 1053 2787 regnantem
1074 2702 1173 2765 inter-

168 2788 263 2852 fecit:
284 2787 371 2852 idem
384 2796 415 2851 et
427 2787 624 2873 Dionysium
636 2786 766 2851 Siciliae
788 2808 899 2870 regem
921 2786 1046 2870 expulit
1066 2806 1174 2870 neque

168 2873 239 2957 ipse
261 2870 303 2937 ab
327 2870 535 2935 offerentibus
560 2892 696 2954 regnum
716 2871 856 2954 accepit,
885 2869 944 2933 sed
967 2889 1075 2932 arcem
1095 2888 1173 2966 quo-

169 2977 233 3039 que
259 2954 429 3019 demolitus
459 2962 517 3017 ost.
568 2953 632 3016 Hie
659 2975 732 3017 cum
754 2954 897 3017 convitia
922 2951 1008 3015 mala
1035 2951 1204 3031 audiretso

164 3038 232 3101 ait:
256 3046 342 3102 ‘tota
359 3039 427 3101 vita
441 3059 513 3102 mea
534 3037 569 3102 id
590 3038 642 3121 egi
663 3046 699 3100 ut
721 3058 830 3100 omnes
848 3035 944 3099 liberi
965 3032 1147 3120 essemus'l

233 3161 400 3225 XXXIII.
454 3159 600 3226 REGES
631 3158 765 3225 ASIAE
798 3158 859 3222 ET
889 3155 1105 3221 PERGAMI.

147 3291 160 3340 1
256 3272 419 3336 Eumenes
443 3271 623 3337 Cardianus
643 3271 787 3356 Philippi
809 3269 856 3307 *l*
876 3266 1059 3332 Alexandri
1076 3267 1172 3330 armi·

171 3377 230 3440 ger
249 3355 525 3435 bellicosissimus,
548 3355 607 3419 sed
622 3376 737 3439 parum
754 3373 910 3438 prospera
931 3352 1061 3416 fortuna
1081 3371 1172 3431 usus,

168 3439 253 3503 adeo
274 3447 382 3502 tamon
404 3437 572 3520 terribilis,
598 3444 634 3501 ut
660 3437 793 3501 vivente
821 3457 859 3500 eo
880 3456 974 3499 nemo
1002 3453 1099 3496 ausus
1127 3433 1204 3496 sitas
