2482 3960
84 284 168 330 iv·
420 268 425 273 “
531 244 738 330 susurnam.
833 333 835 337 ,

169 420 197 498 2,
222 431 237 483 1
259 425 333 478 mitia
354 437 490 492 passuum
512 423 621 490 nonem]
644 423 773 495 Nigidius
796 425 823 479 in
846 424 961 480 scholiis
988 426 1025 481 ad
1048 427 1179 488 German.

83 529 112 566 v.
126 514 193 567 223:
217 509 314 563 ‘abest
330 509 364 561 ab
380 506 554 561 Alexandria
569 507 667 560 itinere
687 507 796 562 dicrum
814 508 939 562 novem.'
972 509 993 564 F
1011 509 1048 564 ad
1065 509 1139 567 Curi.
1152 517 1179 571 4.

84 597 110 660 7,
125 601 157 652 15
173 593 246 646 mitia
254 604 389 660 passuum
399 603 452 644 sex
468 581 480 668 ΗΗ
494 595 512 646 2
519 591 587 658 petit
605 581 619 669 ΗΗ
638 592 710 645 inter
722 591 816 645 sidera
827 591 880 645 W:
898 592 926 645 in
936 592 1030 647 sidera
1045 593 1080 662 03
1105 596 1140 651 ci.
1152 572 1189 664 2,Ι

84 680 128 744 §8
149 667 162 755 ΗΗ
182 677 198 733 7
217 673 357 728 Sidoniam
374 672 412 726 H:
425 669 544 734 ,Sidonia
562 670 598 740 (23
620 672 787 729 SidonidaT
808 665 821 752 ΗΗ
844 677 860 732 9
879 673 917 728 aii
931 677 1060 748 supplevi
1079 693 1115 732 cx
1132 679 1180 734 Ni·

84 759 163 830 gidio
183 759 202 811 Ι.
214 758 233 812 i.
252 755 288 810 ad
306 772 334 810 v.
347 757 397 813 147
419 746 434 834 ΗΗ
451 757 637 826 nominantur]
661 757 745 812 immo
762 763 964 828 memorantur,
987 765 1034 814 aot
1050 775 1111 815 esse
1131 761 1180 817 de·

84 842 199 898 lendum
212 846 264 894 est.
285 831 300 918 ΗΗ
323 845 356 897 11
372 839 454 897 initiis
471 844 608 910 praesunt
620 840 660 894 W
674 856 710 894 ex
721 840 834 912 Nigidio
847 842 865 894 1.
878 842 913 895 i.:
938 842 1076 913 ‘quorum
1094 861 1178 916 afgu-

83 931 205 980 mentum
224 923 303 977 netas
322 923 357 976 sit
375 938 538 978 enumerare
563 921 760 991 (enuntiaret)
781 930 895 995 propior
919 926 950 992 (l.
964 930 1094 996 praeter)
1119 945 1179 998 eos,

85 1011 132 1080 qui
153 1007 314 1061 ministeriis
335 1005 367 1073 (l.
381 1008 530 1078 mysteriis)
551 1005 708 1076 praesunt?
746 1008 782 1062 cs.
795 1008 952 1063 Homsterh.
970 1008 1007 1063 ad
1023 1009 1090 1065 Luc.
1111 1011 1178 1067 dial.

86 1092 164 1147 deor.
182 1095 214 1158 2,
232 1095 258 1158 6,
276 1098 307 1148 1;
333 1091 361 1144 in
383 1088 426 1144 his
444 1095 559 1161 praesto
577 1094 641 1145 sunt
658 1089 678 1145 C
698 1081 712 1170 ΗΗ
739 1096 772 1150 12
792 1092 827 1159 ii]
849 1090 889 1145 hii
908 1089 943 1160 C;
966 1090 1032 1146 ΜΕ
1053 1085 1067 1170 ΗΗ
1090 1099 1124 1153 14
1141 1097 1179 1150 si·

83 1178 164 1237 miles
185 1164 200 1253 ΗΗ
227 1174 259 1231 17
278 1178 404 1229 exertam
418 1165 432 1251 ΗΗ
452 1179 487 1232 20
504 1178 568 1244 post
586 1176 781 1246 cortinamque
798 1172 818 1229 C
837 1172 916 1228 addit
932 1190 1080 1244 cancrum,
1103 1177 1180 1248 quod

86 1260 190 1316 delevi.
211 1247 226 1334 ΗΗ
246 1261 281 1314 23
299 1258 327 1312 in
344 1262 448 1310 terram
465 1258 579 1328 Arpiam
592 1256 646 1311 W:
668 1259 697 1313 in
713 1264 818 1312 terram
832 1259 860 1312 in
879 1261 987 1329 arpiam
1000 1257 1037 1326 c;
1059 1262 1088 1314 in
1100 1267 1179 1316 terra

83 1341 221 1416 ArpiuaE
236 1333 249 1419 ΗΗ
263 1345 299 1399 24
309 1340 428 1395 molorco
443 1330 457 1420 ΗΗ
471 1344 507 1399 31
518 1341 580 1395 cari
592 1331 607 1419 ΗΗ
620 1343 654 1398 33
665 1341 801 1397 dominam
812 1341 835 1396 H
848 1357 883 1394 ex
892 1341 964 1414 Hyg.
973 1343 1048 1396 Poet.
1062 1344 1178 1398 Astron.

83 1435 110 1498 2,
122 1433 154 1487 4:
177 1424 346 1481 hominemC
361 1415 375 1504 ΗΗ
388 1428 422 1483 36
435 1425 587 1495 Eriponam
598 1423 652 1478 W:
674 1423 822 1496 Eriponem
835 1424 856 1480 C
870 1419 884 1502 ΗΗ
897 1427 932 1484 38
943 1428 1038 1481 carius
1051 1416 1065 1504 ΗΗ

171 1503 228 1584 3,1
247 1511 275 1565 in
290 1511 380 1564 iuncto
399 1501 413 1587 ΗΗ
434 1512 452 1565 4
460 1509 537 1578 petiit
546 1507 620 1578 qaod
682 1508 897 1580 defecerintW:
915 1511 983 1579 petit
993 1510 1067 1581 quod
1129 1511 1176 1565 de-

84 1599 198 1661 ficerent
216 1593 236 1648 C
253 1585 266 1672 ΗΗ
281 1592 411 1650 dlearus
427 1585 440 1672 ΗΗ
459 1591 604 1661 §indeptus
618 1592 684 1658 eta]
702 1592 777 1646 Hace
796 1594 920 1662 graviter
932 1599 1077 1662 corrupta:
1100 1594 1177 1648 nolui

84 1688 177 1734 tamen
194 1677 295 1748 adepta
312 1677 341 1729 in
359 1682 462 1730 textum
481 1675 617 1744 recipere.
644 1664 658 1752 ΗΗ
684 1677 732 1744 qui
750 1677 850 1747 insipni
866 1678 1008 1732 clementia
1028 1682 1054 1730 et
1075 1679 1177 1731 iustitia

85 1761 227 1817 Halmius:
254 1761 303 1832 qui
322 1784 363 1819 *a
375 1762 449 1813 omui
462 1758 619 1813 clementiae
631 1759 730 1812 iustitia
745 1757 781 1826 C;
804 1762 914 1815 numni
922 1761 1081 1814 clementiae
1099 1762 1174 1814 iusti·

84 1845 154 1902 tiaE
175 1834 189 1920 ΗΗ
211 1849 244 1900 12
262 1844 434 1898 existimatur
450 1842 501 1895 W:
527 1841 694 1896 extimantur
712 1841 750 1909 C;
779 1842 996 1898 aestimanturE
1017 1833 1032 1921 ΗΗ
1053 1849 1085 1900 15
1103 1841 1175 1898 Peli-

84 1943 153 1985 naeo
164 1926 201 1980 D:
228 1926 342 1997 peteaeo
358 1926 379 1982 C
398 1916 412 2004 ΗΗ
434 1928 466 1983 19
479 1925 576 1980 Croton
588 1924 662 1995 filias
672 1922 830 1995 Euphemes
845 1928 960 1982 nutricis
970 1926 1013 1980 M:
1038 1926 1173 1982 Chronica

81 2015 157 2085 fitius
179 2011 292 2066 nutricis
311 2010 348 2078 03
374 2009 484 2078 Crotopi
501 2009 576 2080 fitius
594 2008 728 2064 nutricius
745 2010 778 2064 E.
817 2010 919 2065 Verior
941 2011 1062 2064 nominis
1088 2011 1173 2064 torma

86 2097 183 2154 Crotus
199 2095 260 2148 sive
272 2094 366 2150 Crotos
385 2091 505 2148 videtur.
522 2083 535 2170 Η
550 2107 627 2162 quem
638 2090 690 2145 W:
714 2108 785 2165 puae
798 2092 818 2148 C
833 2085 846 2172 ΗΗ
861 2099 895 2151 20
906 2092 999 2148 eumE
1020 2085 1033 2169 ΗΗ
1051 2098 1087 2150 22
1096 2095 1173 2164 prius

85 2183 180 2237 doetus
201 2171 215 2257 ΗΗ
232 2183 268 2238 23
283 2181 409 2235 eitteram
435 2171 449 2257 Η
475 2177 523 2230 atii
538 2174 646 2230 addidit
664 2174 696 2231 Ο.
714 2176 828 2232 lahnius
848 2169 862 2253 ΗΗ
884 2182 918 2235 24
937 2176 1051 2248 Typhon
1069 2177 1111 2230 iii:
1130 2177 1171 2246 pi-

85 2263 164 2321 tonC
184 2255 188 2342 Η
217 2270 251 2322 25
272 2262 360 2317 Tauri
375 2260 397 2314 E
420 2253 433 2339 ΗΗ
454 2263 488 2320 27
508 2258 664 2330 Typhonem
680 2260 722 2314 M:
738 2269 868 2332 pptonem
882 2259 903 2314 C
917 2251 930 2338 Η
950 2261 1112 2331 acquiram
1123 2259 1169 2312 W:

85 2350 132 2421 qui
142 2346 162 2402 C
181 2343 186 2425 Η
216 2353 251 2405 31
267 2348 352 2402 euasit
362 2345 418 2400 etE
438 2335 452 2424 ΗΗ
472 2346 507 2403 33
523 2358 601 2396 nam:
624 2342 717 2397 malim
733 2346 794 2398 item
809 2336 823 2424 Η
842 2349 878 2403 34
884 2345 969 2414 piscis
980 2336 1028 2410 **]
1046 2344 1169 2398 Laauuae

86 2433 197 2502 signum
218 2431 309 2501 posui.
343 2431 380 2484 ci.
397 2427 493 2498 Nigid.
515 2426 532 2479 i.
551 2425 569 2479 l.
593 2424 630 2479 ad
650 2443 676 2479 v.
694 2427 760 2483 aio:
788 2428 900 2498 ‘pisces
924 2426 990 2481 dicit
1011 2427 1039 2479 iu
1062 2425 1169 2481 flumine

84 2514 225 2585 Euphrate
250 2512 337 2567 saissa
362 2518 389 2565 ot
411 2511 448 2566 ibi
473 2524 557 2562 ovum
584 2508 727 2562 invenisse
747 2511 833 2566 mirae
856 2509 1071 2582 magnitudinis,
1100 2505 1191 2581 quod:

86 2599 232 2654 volventes
256 2597 398 2650 ciceerunt
417 2596 444 2649 in
463 2599 565 2646 terram
582 2597 663 2662 atque
684 2589 892 2650 incolumium
911 2592 1075 2648 insedisse?
1100 2583 1115 2672 ΗΗ
1141 2591 1169 2649 37
1189 2610 1191 2647 i

66 2683 226 2754 ‘utriusque
241 2678 382 2734 Halmiusr
411 2679 520 2748 utrique
537 2673 580 2729 ΟΕ
602 2665 615 2753 Η
635 2677 671 2734 38
685 2675 815 2734 nohilitati
829 2678 885 2733 W:
911 2678 992 2733 locati
1006 2677 1045 2732 E:
1068 2676 1170 2730 codicis
1187 2658 1191 2745 Η

86 2765 223 2834 scriptura
243 2769 360 2833 excepta
378 2762 469 2833 prima
486 2758 574 2813 littera
591 2774 610 2812 n
632 2759 728 2830 ignota
745 2770 788 2817 esi
807 2762 910 2834 quippe
927 2777 1044 2833 prorsus
1067 2760 1169 2824 deletm
1188 2764 1191 2805 1

86 2847 137 2901 sed
149 2847 259 2903 videtur
271 2847 299 2902 in
309 2844 448 2902 vocabulo
461 2843 598 2898 exstincto
609 2842 740 2898 nohilitati
751 2844 846 2902 latere.
863 2837 877 2925 ΗΗ
1188 2826 1191 2845 ’

147 2945 148 2948 ’
168 2927 197 3004 4,
211 2938 228 2990 3
246 2931 449 3002 septemtriones
463 2917 477 3005 ΗΗ
493 2929 508 2984 7
522 2927 642 2996 cirpitiae
657 2919 670 3002 ΗΗ
683 2931 701 2984 8
719 2929 867 2986 subuculas
883 2923 895 3007 ΗΗ
911 2936 944 2989 13
962 2932 1010 3002 qui
1024 2929 1063 2984 ad
1077 2922 1090 3008 ΗΗ
1106 2934 1137 3005 19
1147 2931 1170 2983 in
1186 2940 1191 3005 j

85 3014 187 3071 nachia
207 3006 220 3092 ΗΗ
242 3020 276 3072 21
292 3013 486 3085 capricornius
506 3003 520 3088 ΗΗ
538 3013 572 3068 26
582 3009 705 3083 afeiiotes
719 3005 732 3089 ΗΗ
746 3015 780 3071 27
792 3014 933 3070 vulturnus
952 3008 965 3093 ΗΗ
986 3017 1021 3071 28
1033 3018 1171 3084 aparctias

86 3096 122 3149 T:
143 3097 286 3168 aparchas
300 3095 320 3152 C
334 3090 347 3174 ΗΗ
362 3115 380 3152 a
391 3102 455 3168 post
466 3096 535 3151 idem
548 3110 601 3148 oin.
617 3086 630 3176 ΗΗ
644 3099 679 3154 29
690 3097 748 3154 libis
762 3091 775 3176 ΗΗ
790 3103 826 3167 31
837 3101 1032 3154 exscribantur
1046 3090 1059 3176 ΗΗ
1074 3102 1110 3158 33
1120 3101 1171 3153 cir·
1189 3124 1191 3131 ·

85 3181 143 3235 cius
156 3180 191 3235 C:
213 3195 316 3236 caurus
327 3182 364 3248 Ε,
388 3180 483 3247 nescio
498 3195 552 3250 quo
565 3194 658 3235 errore
679 3172 692 3259 ΗΗ
713 3184 847 3256 aquilonis
862 3176 875 3259 ΗΗ
889 3187 925 3242 34
939 3186 986 3257 qui
996 3184 1107 3237 aestatis
1121 3174 1135 3260 ΗΗ

170 3258 198 3336 5,
219 3269 252 3322 14
268 3263 346 3335 Lycii
362 3263 399 3319 D:
430 3264 495 3318 lieni
512 3262 532 3318 C
551 3254 565 3340 ΗΗ
585 3269 617 3321 15
638 3269 731 3320 sectae
752 3275 893 3322 sarmatae
913 3259 926 3346 ΗΗ
947 3269 1019 3322 traci
1037 3258 1051 3345 ΗΗ
1072 3269 1107 3324 18
1126 3281 1172 3319 nu·

115 3345 190 3400 ”diae
210 3338 224 3425 ΗΗ
244 3353 420 3401 caramantes
442 3337 456 3424 ΗΗ
475 3352 509 3404 21
527 3348 646 3403 atmodus
668 3331 685 3427 ΗΗ
715 3354 750 3407 22
770 3350 906 3422 Taypetus
923 3351 960 3404 T:
975 3348 1129 3422 tappetesC
1148 3340 1160 3426 ΗΗ

147 3435 200 3483 inte
214 3431 431 3486 Lacedaemonia
448 3446 502 3483 om.
523 3422 536 3506 ΗΗ
557 3436 591 3488 23
609 3431 754 3487 Cithaeron
776 3441 802 3489 et
818 3434 932 3490 Helicon
948 3432 986 3487 D:
1011 3434 1134 3489 citheron
1151 3438 1174 3488 ei

147 3510 221 3580 eC;
260 3520 285 3569 et
314 3514 440 3571 Citheron
461 3513 549 3569 Eleon
571 3514 607 3580 S;
640 3523 666 3570 et
687 3515 832 3572 Cithaeron
861 3524 887 3572 et
908 3517 1055 3573 Heliconi*
1078 3509 1092 3591 Η
1104 3534 1172 3587 par·

147 3606 160 3643 s
186 3594 224 3662 C;
250 3596 418 3654 Parnassus
440 3589 489 3674 ΕΗ
510 3601 546 3656 24
562 3597 661 3669 Epiro]
677 3615 731 3670 pro
751 3591 765 3681 ΗΗ
786 3598 905 3656 mactus
923 3591 937 3673 Η
958 3603 992 3658 26
1014 3607 1041 3655 et
1065 3600 1174 3656 Italiam
