2482 3960
154 222 193 293 16
537 233 792 282 nvc11an1>nn11

150 407 240 450 mum
262 406 394 448 censum
414 385 499 468 egit
542 384 674 448 Priscus
696 383 909 470 Tarquinius,
939 385 995 470 qui
1022 383 1158 466 insigni·

152 468 214 532 bus
232 468 440 552 magistratus
458 467 638 532 adornavit.
683 467 880 552 Tarquinius
899 464 1080 550 Superbus,
1102 464 1158 550 qui

151 551 194 614 cb
216 553 349 619 nimiam
370 550 555 636 superbiam
573 572 674 635 regno
691 550 804 636 pulsus
827 557 887 612 est.

252 737 381 802 XVIII.
435 734 871 899 CLARI}SOIII{IIVMDVCES
902 734 1042 800 ROMA-

734 881 741 897 .
1121 859 1144 897 a
1169 854 1182 894 s

127 998 140 1047 1
238 971 374 1052 Brutus,
398 971 453 1055 qui
474 990 532 1054 pro
555 969 704 1033 libertate
726 969 859 1055 publiea
879 966 998 1030 liberos
1015 989 1091 1032 suos
1109 971 1158 1032 in·
1230 1029 1232 1037 ,

127 1054 290 1126 aterfecit.
333 1052 484 1116 Valerius
505 1050 689 1132 Publicola,
712 1110 718 1114 ,
745 1052 779 1114 ui
804 1058 936 1136 propter
963 1050 1099 1114 candem
1120 1050 1157 1116 li-

150 1141 311 1204 bertatem
331 1135 488 1199 adversus
510 1134 705 1220 Tarquinios
723 1075 848 1198 bellum
870 1134 1031 1196 exercuit:
1071 1134 1158 1198 idem

126 1225 203 1290 aius
225 1219 384 1283 libertatis
406 1217 511 1282 dando
526 1217 680 1302 populum
697 1217 875 1302 ampliavit.
919 1215 1062 1280 Manlius
1077 1216 1157 1282 Tor-

173 1311 284 1383 uatus,
318 1303 373 1387 qui
400 1302 442 1364 ad
468 1300 720 1364 confirmandam
747 1308 926 1364 castrorum
949 1298 1155 1384 disciplinam
1166 1313 1190 1363 rt

125 1328 257 1452 adlium‘
278 1406 370 1448 suum
397 1383 569 1447 interfecit.
620 1381 790 1461 Quinctius
820 1381 1031 1446 Cincinnatus
1062 1381 1158 1469 [item

126 1467 339 1555 eSerranus],
369 1469 422 1532 cui
444 1466 549 1531 aranti
568 1465 728 1529 dictatura
749 1465 857 1529 delata
884 1474 942 1529 est.
989 1464 1156 1548 Camillus,

151 1553 207 1638 qui
235 1550 398 1615 Senonum
426 1559 522 1634 gente
551 1549 658 1612 deleta
690 1546 880 1635 [Gallorum]
914 1549 1081 1612 incensam
1115 1549 1157 1612 ab

122 1638 198 1700 (teis
225 1634 340 1697 urbem
373 1634 524 1696 restituit.
579 1630 675 1694 Fabii
703 1632 783 1713 duo,
819 1652 955 1717 quorum
982 1632 1064 1695 alter
1091 1653 1157 1695 una

149 1738 260 1802 pugna
285 1716 458 1796 Etruscos,
489 1713 664 1794 Samnitas,
700 1715 841 1778 Umbros
872 1713 1048 1799 Gallosque
1082 1715 1189 1780 subn

151 1801 233 1883 egit,
262 1797 430 1862 libertinos
461 1795 648 1861 etribubus
674 1819 771 1881 repur
795 1798 863 1859 avit
883 1797 1022 1883 ideoque
1050 1797 1155 1861 Maxi-

149 1903 220 1945 mus
244 1882 504 1964 cognominatus:
527 1879 608 1942 alter
625 1879 747 1942 Fabius
765 1819 961 1942 Annibalem
981 1901 1073 1944 mora
1092 1880 1155 1944 fre·

124 1985 140 2032 7
174 1966 213 2045 ‘t,
243 1986 285 2029 ex
334 1985 376 2026 uo
407 1962 583 2027 Cunctator
612 1970 661 2025 cst
693 1964 947 2046 cognominatus.
1003 1962 1155 2048 Papirius

150 1987 290 2115 Cursor:
313 1986 373 2110 lie
398 2046 572 2127 Samnites,
603 2047 657 2131 qui
679 2046 840 2110 Romanos
872 2045 931 2108 snb
959 2047 1072 2128 iugum
1097 2068 1154 2130 pu·

150 2132 279 2214 gnando
308 2132 476 2211 miserant,
509 2130 614 2194 victos
642 2129 820 2213 ignominia
839 2131 911 2214 pari
933 2129 1054 2194 adfecit
1082 2138 1115 2194 et
1136 2149 1189 2199 aa

123 2215 322 2281 8velocitate
336 2213 458 2278 Cursor
468 2221 517 2277 est
528 2213 719 2298 appellatus.
743 2212 874 2293 Curius,
888 2234 960 2277 oum
971 2215 1005 2276 in
1020 2213 1093 2279 foco
1105 2235 1155 2276 ra-

147 2319 206 2382 pas
220 2306 371 2378 torreret,
387 2304 491 2375 leporis
502 2301 676 2360 Samnitium
687 2317 794 2360 aarum
809 2296 1018 2360 offerentibus
1033 2297 1154 2378 ‘mala'

149 2381 268 2464 inquit,
299 2381 353 2442 ‘in
373 2380 527 2443 fictilibus
560 2380 641 2442 meis
667 2401 729 2443 esse
757 2389 788 2442 et
821 2401 934 2442 aurum
959 2378 1155 2443 habentibus

121 2463 332 2546 simperare!
375 2462 546 2525 Fabricius
572 2461 761 2542 Luscinius,
794 2464 849 2547 qui
877 2461 1065 2526 Cornelium
1089 2462 1156 2526 Ru·

148 2546 249 2608 finum
275 2545 478 2628 consularem
504 2544 610 2607 virum
640 2553 752 2608 senatu
778 2547 914 2625 amovit,
944 2545 1093 2609 luxuriae
1124 2554 1191 2611 etas

138 2628 305 2707 ,avaritiae
328 2628 528 2706 damnatum,
559 2628 645 2710 quod
667 2627 779 2691 decem
798 2628 907 2713 pondo
930 2631 1056 2712 argenti
1083 2650 1157 2714 pos-

108 2711 281 2777 10sideret.
329 2709 485 2773 Claudius
506 2709 680 2773 Marcellus
687 2759 696 2791 ,
729 2713 784 2795 qui
808 2710 1004 2775 Annibalem
1032 2713 1157 2796 primus

149 2795 184 2856 in
215 2793 393 2878 Campania
424 2793 547 2879 proelio
575 2794 655 2856 vicit
687 2794 837 2878 idemque
867 2793 976 2858 docuit
1006 2797 1041 2858 iu
1068 2794 1156 2859 bello

108 2894 137 2942 11
152 2877 311 2961 quomodo
337 2878 460 2961 equites
489 2877 558 2939 sine
581 2875 660 2959 fuga
682 2877 843 2940 cederent.
889 2875 1056 2962 Scipiones
1082 2877 1156 2958 duc,

149 2981 285 3045 quorum
312 2960 393 3023 alter
438 2961 505 3024 rior
529 2958 721 3040 Africanus,
756 2961 810 3045 qui
839 2959 1035 3024 Annibalem
1058 2969 1090 3024 et
1119 2962 1189 3024 ineo

150 3065 187 3106 eo
209 3043 356 3107 Africam
380 2983 571 3124 debellavit,
603 3043 685 3107 alter
708 3043 816 3127 Scipio
844 3051 955 3125 minor,
988 3043 1165 3106 Numanti-⁴

149 3147 224 3206 nus,
249 3127 305 3210 qui
326 3125 557 3209 Carthaginem
583 3135 614 3189 et
632 3126 840 3189 Numantiam
862 3125 1019 3189 diruendo
1040 3128 1075 3189 in
1095 3126 1157 3189 hac

112 3207 313 3288 taAfrioam,
349 3208 384 3270 in
415 3208 472 3271 illa
493 3204 687 3292 Hispaniam
718 3209 827 3292 fregit.
874 3207 1029 3298 Claudius
1057 3208 1156 3290 Nero,
1216 3240 1220 3245 ·

171 3292 205 3353 ui
220 3289 383 3354 Annibale
405 3292 440 3352 in
453 3291 575 3375 Apulia
595 3293 707 3355 relicto
729 3293 912 3355 venientem
933 3292 974 3355 ab
993 3291 1157 3377 Hispania

149 3314 366 3437 Asdrubalem
390 3376 518 3458 excepit
538 3375 711 3459 copiasque
734 3375 802 3437 cius
826 3396 891 3436 uno
913 3375 965 3437 die
988 3384 1066 3459 aput
1086 3373 1188 3440 Meas

149 3466 277 3520 taurum
298 3456 417 3520 flumen
440 3458 575 3520 devicit:
608 3459 677 3538 qui,
700 3459 727 3520 si
749 3479 784 3519 se
808 3445 1065 3520 cum'Annibale
1085 3458 1155 3520 iun·
