2482 3960
42 1346 47 1355 ·
154 1322 213 1385 sub
240 1324 359 1386 iuvene
381 1323 485 1387 Mario

154 248 197 315 28.
528 260 623 308 uvcu
640 261 786 308 snrnnu

155 411 198 475 ad
218 414 396 475 exercitum
415 413 561 496 perrexit
585 420 709 475 etcum
733 410 808 474 urbi
828 410 973 473 admovit
994 417 1025 472 et
1046 409 1081 470 in
1101 429 1158 492 pa-

154 495 251 557 triam
260 495 426 578 ingressus
439 493 636 579 Capitolium
648 495 828 577 occupavit,
842 515 905 592 quo
916 501 1039 556 terrore
1048 492 1158 561 rictus
1232 559 1235 565 ,

128 585 286 640 asenatus
314 577 419 641 Mari-o
446 578 569 661 totique
596 576 730 639 factioni
759 579 828 641 eius
856 576 1034 640 mterdixit.
1079 573 1158 637 Pro·

154 660 240 723 fecto
263 661 381 724 deinde
406 662 441 723 in
460 660 574 723 Asiam
595 658 686 723 Sulla
706 659 830 723 Marius
853 659 929 722 exul
954 681 1028 722 cum
1047 657 1158 742 profu·

153 744 256 826 gisset
281 765 319 807 ac
345 744 485 827 primum
501 742 677 806 Minturnis
705 744 740 805 in
757 743 879 842 palude
901 742 1062 821 latuisset,
1089 749 1184 804 tuma

154 826 319 890 coniectus
334 828 369 889 in
386 847 548 888 carcerem
566 827 732 904 evasisset,
755 827 884 889 interim
898 824 1005 888 Cinna
1017 833 1048 887 et
1060 822 1158 887 Octa

152 910 225 971 vius
253 910 288 971 in
317 908 399 972 urbe
421 909 439 947 *
451 909 508 990 **,
536 908 598 972 hac
624 910 793 973 occasione
815 909 890 971 data
910 908 1032 971 Marius
1060 907 1159 970 rediit

154 1001 186 1054 ct
211 1012 320 1060 secum
344 990 483 1055 Cinnam
504 991 642 1055 adduxit
662 993 759 1054 victis
779 991 969 1054 Octauianis
997 991 1156 1075 partibus.

154 1071 196 1136 Se
219 1075 333 1136 timum
360 1073 473 1138 consul
494 1084 620 1138 creatus
648 1075 847 1138 saevissimis
875 1073 1028 1138 caedibus
1056 1083 1158 1137 totam

127 1096 269 1219 turbem
295 1157 483 1221 funestavit.
527 1156 618 1221 Sulla
641 1159 770 1220 interim
796 1159 883 1221 victo
905 1156 1095 1220 Mithridate
1122 1159 1193 1220 inro

152 1238 266 1302 urbem
288 1261 439 1304 reversus
461 1261 519 1324 pro
545 1263 561 1303 e
583 1249 683 1304 totam
703 1240 832 1303 Italiam
853 1243 888 1303 in
909 1242 1007 1304 armis
1031 1241 1159 1304 invenit

507 1263 592 1386 Mari
617 1323 702 1404 filie,
731 1325 789 1388 scd
810 1345 921 1387 omnes
949 1325 1018 1387 eius
1047 1325 1158 1408 copias

151 1407 271 1488 partim
296 1407 331 1468 in
353 1407 487 1470 Etruria
516 1407 559 1470 ad
581 1405 670 1470 Sacri
696 1416 815 1488 ortum,
867 1408 962 1470 artim
987 1406 1032 1469 ad
1059 1405 1158 1471 Colli·

152 1509 227 1550 nam
244 1498 372 1573 portam
385 1491 563 1575 prostravit
584 1499 615 1553 et
633 1429 787 1575 reliquias
809 1512 829 1553 a
852 1490 1072 1554 versariorum
1095 1487 1158 1576 [eo-

151 1571 250 1658 ruml,
280 1573 335 1657 qui
362 1594 397 1636 se
419 1573 624 1653 dediderant,
652 1572 688 1635 in
707 1573 788 1637 villa
805 1572 937 1658 publica
962 1572 1192 1636 trucidavitza

152 1656 207 1738 qui
229 1655 440 1738 diffugerant,
468 1656 503 1718 in
524 1655 637 1720 tabula
656 1659 824 1742 proposuit
850 1657 921 1720 iure
940 1657 1100 1741 permisso
1121 1664 1158 1719 ut

151 1737 421 1802 interficerentur.

174 1891 300 1954 XLIII.
346 1891 468 1961 ORDO
491 1891 627 1956 BELLI
647 1891 786 1955 INTER
807 1890 1050 1957 CAESAREM
1070 1891 1131 1955 ET

163 1996 168 2007 ‘
525 1988 774 2054 POMPEIVM.

116 2114 120 2119 ’
236 2113 357 2178 Cacsar
390 2123 421 2178 et
450 2115 623 2200 Pompeius
658 2124 689 2178 et
716 2113 855 2179 Crassus
888 2113 970 2176 inita
1000 2115 1192 2178 societatem

150 2198 320 2282 imperium
347 2197 565 2262 Romanorum
591 2198 819 2283 possidebant:
854 2195 977 2261 Caesar
1002 2195 1156 2279 Gallicos,

153 2279 289 2344 Crassus
312 2279 463 2366 Syriacos
484 2283 644 2346 exercitus
666 2280 825 2363 habebat3
846 2280 928 2344 Pom
951 2280 1020 2344 cius
1041 2279 1159 2344 horum

150 2363 275 2426 viribus
303 2363 405 2427 fretus
439 2365 475 2427 in
504 2373 617 2428 senatu
646 2363 881 2428 dominabatur.
965 2372 1016 2427 ost
1045 2362 1158 2428 Crassi

150 2453 286 2508 mortem
307 2447 394 2531 apud
415 2447 553 2510 Parthos
575 2447 644 2485 *³⁸*

153 2610 179 2673 C
235 2529 389 2674 {sMusus
418 2529 583 2593 Barbarus
604 2531 804 2612 Asculanus‚
836 2530 975 2610 Quintus
1004 2530 1191 2594 Lutatiusrs

181 2621 237 2674 atu
249 2634 299 2674 us.

277 2762 422 2827 XLIIII.
466 2763 529 2827 DE
549 2764 697 2830 BELLO
716 2765 1027 2831 MACEDONICO.

234 2888 378 2974 Populus
406 2889 570 2953 Romanus
597 2911 671 2954 oum
698 2890 931 2955 Macedonibus
957 2891 1079 2956 bellum
1106 2902 1159 2957 ter

149 2974 260 3058 gessit.
305 2971 373 3036 Sub
395 2972 579 3037 Flaminino
607 2973 740 3038 consule
761 2995 872 3058 regem
900 2996 1011 3039 eorum
1032 2975 1157 3060 Philip·

148 3078 225 3141 pum
246 3057 340 3136 vicit,
365 3054 424 3119 sub
444 3056 546 3121 Paulo
559 3057 682 3121 Persen
698 3057 841 3144 Philippi
862 3057 978 3139 filium,
1002 3057 1062 3122 sub
1084 3058 1190 3124 Meso

147 3138 225 3202 tello
238 3138 450 3203 Macedonico
465 3140 785 3225 Pseudophilippum.
829 3141 932 3204 Primi
950 3140 1029 3206 belli
1046 3163 1155 3224 causa,

149 3221 236 3306 quod
258 3221 298 3284 de
319 3223 447 3286 iniuriis
469 3223 685 3288 Macedonum
706 3224 826 3288 Graeci
847 3223 1082 3310 querebantur3
1106 3246 1155 3289 se·

149 3305 263 3385 cundi,
286 3305 374 3390 quod
394 3306 509 3371 foedus
532 3328 604 3370 cum
626 3316 718 3392 patre
742 3327 800 3370 suo
820 3328 1010 3392 percussum
1030 3309 1156 3394 ruperit

146 3385 284 3470 Perses3
314 3390 421 3471 tertii,
449 3390 535 3489 quod
561 3390 645 3454 falso
666 3411 784 3454 nomen
804 3410 919 3476 regum
939 3390 1155 3456 Macedonum

146 3468 441 3558 Pseudophilippus
462 3475 593 3537 mvasit.
1162 3492 1189 3534 ss
