2482 3960
149 326 154 335 „
256 232 368 315 ‘arcun
381 268 606 316 unuonmms.
629 253 727 318 xm.
740 254 855 318 ΧΙΠΙ.
870 253 945 318 XV.
1058 261 1094 320 13
1124 298 1128 302 -

14 431 18 436 ’
88 418 256 486 confectus
284 424 343 480 est.
392 417 563 502 Lysander
590 417 672 500 dux,
701 420 758 504 qui
788 419 1005 484 dominantem
1026 432 1122 497 totos

88 502 173 567 mari
199 499 337 563 classem
355 502 499 564 Atticam
525 511 602 587 aput
622 502 732 585 Aegos
760 511 906 587 potamos
934 507 1095 588 oppressit

89 593 124 648 et
160 583 255 646 vietis
285 582 540 646 Atheniensibus
577 585 713 668 triginta
745 593 902 670 tyrannos
941 587 1093 671 inposuit.

89 664 217 730 Xanthi
240 687 317 751 pus,
347 668 399 730 vir
424 666 755 730 Lacedaemoniorum
793 667 1005 751 fortissimus,
1059 673 1120 741 uio

65 749 176 815 abello
232 750 328 814 unico
354 750 458 834 primo
482 748 770 833 Carthagiensibus
800 752 868 815 dux
892 754 1011 816 missus
1032 694 1094 817 lle-

88 831 204 917 gulum
222 833 317 916 cepit.
360 831 551 916 Agesilaus,
572 833 663 895 cuius
683 834 851 898 inventum
870 843 920 898 est
935 837 970 898 in
984 836 1138 908 hostili10

90 936 188 1000 quam
208 915 243 977 in
266 937 324 977 sua
344 923 434 978 terra
452 936 598 1000 pugnare
616 915 755 1002 ideoque
776 918 811 980 in
831 919 944 981 Asiam
964 921 1093 1001 missus,

88 1004 219 1061 vastata
240 1018 293 1078 ea,
316 1020 389 1061 cum
410 999 475 1060 iam
496 999 566 1082 regi
587 999 784 1082 immineret,
807 1009 977 1065 revocatus
994 1001 1093 1065 Athe·

89 1081 220 1143 nienses
238 1089 316 1165 aput
336 1079 516 1144 Coroneam
538 1081 627 1144 vicit.
671 1082 789 1146 Postea
810 1093 888 1168 aput
912 1083 1095 1149 Corinthios

57 1161 196 1242 roflevit,
225 1162 312 1249 quod
332 1164 445 1227 decem
466 1162 557 1226 milia
576 1163 775 1229 Graecorum
796 1167 903 1231 occisa
925 1169 1095 1251 cognovis-

90 1253 154 1327 set,
176 1267 238 1309 nec
259 1246 363 1310 voluit
386 1245 577 1310 Corinthum
597 1246 705 1312 dolere
724 1270 796 1312 cum
815 1258 935 1334 posset.

195 1360 271 1426 xv.
313 1334 569 1426 cmsrssrm
589 1362 737 1427 anons
758 1351 821 1426 ur·
840 1363 990 1429 orons

407 1458 765 1524 nrunumnsrvu.

141 1569 144 1575 ’
176 1571 317 1657 Cecrops
345 1593 421 1652 rex,
466 1573 500 1635 ui
520 1571 635 1636 urbem
655 1571 800 1637 condidit
820 1573 966 1636 Athenas
994 1582 1027 1636 et
1052 1592 1118 1640 ext

57 1685 80 1726 o
91 1677 149 1720 suo
166 1655 295 1718 nomine
309 1595 505 1752 Cecropidas
522 1654 698 1753 appellavit
716 1657 819 1719 cives:
837 1656 923 1720 idem
936 1654 1093 1737 fabulose,

91 1739 169 1825 quia
188 1736 344 1820 indigena
373 1736 450 1818 fmt,
472 1735 513 1800 ab
535 1738 724 1822 mguinibus
746 1760 879 1823 serpens
900 1738 1001 1804 fuisse
1022 1760 1094 1801 nar-

89 1831 190 1886 ratur.
233 1819 464 1884 Erichthonius
485 1842 557 1902 rex,
586 1822 641 1907 qui
665 1823 822 1907 mysteria
842 1821 997 1886 Eleusine
1020 1838 1118 1886 con-2

90 1904 195 1968 stituit
217 1901 319 1984 Celso,
342 1902 363 1980 †
386 1903 528 1988 hospite,
560 1903 720 1988 Eumolpo
748 1905 931 1986 sacerdote,
963 1904 1092 1969 filiabus

89 1985 272 2070 virginibus
290 1986 459 2065 ministris,
481 1986 676 2070 Triptolemo
694 1987 747 2050 fru
839 1989 1018 2073 praefecto,
1038 1990 1093 2073 qui

57 2071 176 2137 rofame
207 2067 409 2132 laborantem
435 2069 606 2133 Graeciam
634 2071 754 2135 circum
769 2078 821 2133 ato
854 2070 1014 2135 frumento
1043 2093 1092 2133 re-

91 2153 206 2216 stituit.
248 2150 398 2216 Pandion
417 2173 491 2232 rex,
535 2153 570 2214 ui
590 2151 675 2214 filias
697 2172 771 2214 suas
792 2152 943 2216 Procnen
964 2162 996 2215 et
1016 2152 1117 2220 Phi-3

60 2310 63 2315 Ι
90 2233 241 2300 lomelam
264 2233 422 2297 Thraciae
451 2174 583 2318 regibus
609 2233 757 2315 tradidit,
787 2243 823 2298 ut
850 2234 1006 2298 barbaras
1030 2234 1093 2298 sibi

113 2325 205 2380 entes
226 2316 392 2380 adfinitate
416 2319 562 2382 sociaret.
607 2316 767 2399 Theseus,
787 2319 892 2416 Aegei
912 2317 1014 2399 filius,
1037 2318 1118 2404 quie

129 2400 136 2416 '
163 2409 311 2464 otaurum
325 2401 499 2466 interfecit.
543 2399 803 2484 Demophontes,
827 2422 896 2464 e1us
918 2400 1018 2483 filius,
1038 2402 1120 2487 quit

58 2504 165 2546 acum
184 2482 318 2546 Graecis
340 2482 437 2545 Ilium
456 2484 666 2567 expugnavit.
713 2482 839 2548 Codrus
860 2505 934 2565 rex,
958 2487 1015 2569 qui
1057 2501 1121 2551 roo

87 2564 195 2639 ‚salute
224 2566 414 2648 et-vietoria
433 2567 558 2650 patriae
586 2565 764 2630 secundum
785 2567 950 2630 oraculum
968 2507 1092 2652 Apolli-

90 2649 143 2712 nis
175 2646 263 2712 bello
291 2647 528 2732 Peloponnesio
558 2670 592 2711 se
621 2649 764 2713 devovit.
809 2649 1014 2731 Pisistratus,
1043 2650 1119 2714 viru

89 2731 185 2795 fortis
203 2741 235 2794 et
248 2732 392 2816 sapiens,
410 2732 466 2829 qui
477 2730 635 2806 adversus
647 2733 816 2829 principes
831 2754 872 2818 po
895 2733 980 2796 ulari
997 2752 1094 2796 causa

89 2813 299 2960 {renuidem
329 2815 450 2877 invasrt
477 2834 612 2899 eamque
644 2816 863 2879 iustissimoa
920 2816 1093 2879 inistravit.

56 2917 82 2960 eo
126 2896 290 2960 armodius
318 2906 350 2960 et
371 2897 482 2961 Aristo
507 2897 590 2977 iton,
618 2895 764 2961 homines
786 2896 910 2983 plebei,
940 2899 996 2983 qui
1015 2897 1122 2982 Hip-8

89 2981 188 3126 piam.
200 2988 233 3042 et
248 2978 472 3065 Hipparchum
482 2918 648 3043 Pisistrati
668 2979 753 3050 fiHos
776 3001 873 3043 saeve
892 2980 1095 3044 dominantes

10 3100 14 3137 .·
106 3071 181 3126 acta
201 3064 421 3128 coniuratione
443 3071 688 3147 oppresserunt,
708 3062 846 3147 ideoque
866 3071 903 3125 ut
924 3083 1095 3126 conserva·
1170 3106 1172 3117 ι

10 3162 12 3167 ·
89 3145 217 3211 toribus
247 3146 350 3209 divini
370 3146 509 3210 honores
540 3147 586 3209 eis
611 3156 686 3209 sunt
708 3146 884 3209 constituti.
929 3145 1123 3210 Miltiadese

10 3234 13 3305 J
91 3228 174 3310 dux,
196 3230 251 3314 qui
263 3231 428 3313 octoginta
447 3227 537 3292 milia
550 3228 687 3292 militum
697 3227 873 3292 Persarum
882 3228 978 3291 Darii
997 3230 1094 3313 regis,

55 3312 267 3397 aspraefectis
296 3311 382 3375 Date
410 3320 441 3375 et
469 3312 684 3396 Tisapherne,
717 3312 752 3374 in
780 3311 864 3374 saltu
891 3311 1095 3376 Marathonio

91 3396 269 3480 superavit.
312 3394 475 3459 Aristides
488 3395 644 3478 Dicaeos,
666 3396 721 3482 qui
740 3394 801 3458 hoe
822 3415 982 3478 agnomen
999 3394 1138 3458 mori-10

89 3476 154 3540 bus
177 3476 249 3564 [est]
273 3488 463 3543 consecutus
487 3478 528 3542 ob
549 3479 584 3542 id
612 3480 719 3563 ipsum
742 3478 838 3542 exilio
860 3476 1012 3541 multatus
1034 3484 1092 3540 est.
