2482 3960
166 249 206 312 22
531 259 627 309 nucu
647 259 794 308 suanm

164 413 301 479 Allobro
326 433 361 476 as
384 409 603 491 sollicitasset,
631 409 673 474 ab
700 409 857 475 Cicerone
877 410 913 473 in
933 418 1048 475 senatu
1073 429 1165 475 accu-

165 506 269 578 satus,
290 434 331 559 al>
352 494 496 559 Antonio
517 493 553 555 in
570 492 692 579 Apulia
713 492 895 574 debellatus
918 502 977 558 est.

187 641 350 706 XXVIII.
394 638 597 705 POPVLVS
621 639 835 706 ROMANVS
864 639 959 707 CVM
981 639 1146 722 QVIBVS

187 735 413 803 GENTIBVS
438 726 868 899 BELLAOXQISSERVIT
893 736 953 800 ET
981 735 1146 816 QVIBVS
1174 854 1185 895 ὕ

80 1015 84 1020 .
143 968 156 1018 1
252 951 396 1051 Populus
417 951 581 1016 Romanus
604 951 665 1015 sub
677 950 814 1016 Romulo
835 953 994 1038 pugnavit
1015 972 1089 1016 cum
1111 950 1166 1016 Sa·
1208 922 1211 929 Ι

165 1036 254 1184 Ξίᾒίε
278 1044 529 1157 prpp*propter
554 1035 699 1119 virgines
726 1044 852 1120 raptas:
881 1033 941 1098 sub
969 1033 1065 1099 Tullo
1094 1057 1173 1123 cum·

233 1139 304 1182 anis

141 1218 159 1267 2
253 1202 390 1266 Pontius
412 1202 598 1283 Telesinus,
630 1201 698 1264 dux
718 1199 911 1283 Samnitum,
938 1202 994 1286 qui
1018 1200 1061 1264 ad
1084 1200 1166 1267 Cau·

167 1286 261 1354 dinas
283 1285 428 1349 furculas
449 1284 611 1349 Romanos
634 1283 694 1348 sub
716 1287 829 1368 iugum
849 1286 946 1348 misit.
1174 1303 1196 1344 a

143 1379 160 1431 3
251 1369 389 1454 Pyrrus,
411 1390 472 1432 rex
489 1367 710 1454 Epirotarum,
740 1369 796 1453 qui
815 1387 874 1453 pro
895 1366 1079 1430 Tarentinis
1099 1365 1166 1430 bel-

168 1452 235 1517 lum
257 1473 330 1516 cum
351 1451 505 1516 Romanis
527 1452 631 1535 gessit
651 1458 843 1537 vastataque
856 1449 1035 1536 Campania
1056 1449 1099 1512 ad
1118 1451 1166 1513 vi-

168 1537 323 1600 cesimum
349 1535 391 1598 ab
412 1533 494 1598 urbe
515 1533 657 1618 lapidem
676 1533 840 1618 pervenit,
866 1555 944 1598 mox
964 1555 984 1596 a
1007 1531 1105 1597 Curio
1135 1540 1168 1596 ct

167 1616 319 1682 Fabricio
340 1620 446 1700 victus
468 1617 652 1714 inpatriam
673 1618 848 1698 concessit,
872 1625 904 1681 et
925 1638 999 1680 cum
1009 1615 1167 1679 Achaiam
1232 1649 1239 1687 ι

168 1703 266 1764 armis
282 1700 342 1764 sub
357 1721 392 1762 se
408 1699 486 1763 rede
510 1707 603 1780 isset,
624 1698 849 1763 Macedoniam
862 1721 988 1786 qnoque
999 1698 1165 1782 Antigono
1175 1713 1197 1756 15

167 1785 239 1868 regi
270 1780 456 1867 eripuisset,
487 1722 568 1844 dum
594 1782 702 1865 Argos
736 1790 915 1867 expugnat,
939 1782 1073 1846 occisus
1106 1789 1165 1844 est.

168 1866 320 1930 Omnium
342 1864 541 1929 Graecorum
567 1865 822 1948 sapientissimus
849 1875 881 1928 et
900 1864 1049 1928 militaris
1072 1862 1166 1926 disci·

142 1948 276 2034 4plinac
303 1948 518 2033 peritissimus
543 1947 615 2011 fuit.
658 1945 817 2029 Annibal,
846 1950 901 2034 qui
926 1969 1043 2011 novem
1068 1967 1166 2010 anno-

167 2053 240 2095 rum
265 2039 391 2115 patrem
417 2032 452 2093 in
479 2029 671 2116 Hispaniam
697 2040 841 2113 secutus,
878 2033 983 2095 minor
1010 2051 1166 2093 annorum
1224 2032 1239 2093 u

167 2114 268 2178 XXV
291 2115 465 2198 imperator
489 2114 594 2177 factus
619 2115 758 2178 triennio
788 2117 822 2177 in
840 2114 1001 2200 Hispania
1025 2113 1106 2177 vicit
1132 2120 1196 2176 etro
1224 2111 1225 2117 ’

168 2200 337 2262 eversione
350 2196 487 2281 Sagunti
509 2205 603 2282 rupto
625 2197 756 2261 foedere
777 2198 877 2282 perP
920 2193 1164 2260 enaeumetAl·
1224 2250 1225 2255 ,

166 2303 224 2366 pes
246 2283 281 2343 in
300 2280 429 2344 Italiam
447 2282 546 2361 venit,
569 2289 601 2343 et
614 2279 798 2365 Scipionem
818 2280 861 2345 ad
900 2281 1048 2360 itemum,
1070 2277 1165 2342 Tibe·

166 2365 251 2427 rium
265 2362 437 2428 Claudium
454 2361 541 2447 apud
559 2359 725 2444 Trebiam,
746 2363 943 2427 Flaminium
960 2383 979 2425 a
1001 2361 1046 2425 ud
1057 2360 1165 2424 Trasi-
1217 2379 1226 2393 '¹

166 2468 328 2527 mennum,
344 2446 482 2509 Paulum
495 2454 526 2510 et
536 2446 716 2509 Varronem
727 2445 814 2530 apud
828 2445 967 2527 Cannas,
1014 2443 1166 2508 racchum
1232 2478 1239 2516 2

166 2531 201 2591 in
221 2529 379 2610 Lucania,
401 2528 593 2592 Marcellum
614 2528 649 2590 in
667 2527 845 2612 Campania
869 2527 1044 2614 superavit.
1065 2526 1133 2564 ***
1172 2539 1197 2580 2⁵

209 2680 391 2745 XXVIIII.
436 2680 605 2746 STATVS
626 2680 790 2746 POPVLI
811 2678 987 2746 ROMANI
1010 2675 1127 2757 QVAS

376 2776 759 2843 OOMMVTATIONES
778 2776 960 2841 HABVIT.

143 2905 153 2953 1
252 2889 395 2974 Populus
408 2889 571 2954 Romanus
584 2894 722 2990 primum
734 2891 794 2955 sub
807 2889 939 2974 regibus
951 2889 1027 2952 fuit:
1047 2889 1166 2954 deinde

167 2981 240 3057 post
267 2972 451 3058 superbis-m
478 2974 647 3060 Tarqumii
678 2983 710 3038 et
736 2975 871 3038 inlatum
896 2972 1068 3036 Lucretiae
1100 2980 1165 3036 stu·

165 3077 260 3140 prum
281 3056 425 3141 expulsis
446 3058 577 3140 regibus
595 3058 729 3122 tutelam
748 3059 798 3121 sui
810 3055 995 3120 consulibus
1009 3054 1198 3120 tribunis-so

142 3153 158 3200 2
190 3161 230 3201 ue
244 3139 412 3202 commisit.
440 3138 569 3204 Deinde
584 3141 765 3213 tribuniciis
783 3137 994 3203 seditionibus
1013 3141 1163 3224 agitatus,

167 3242 187 3284 a
211 3221 326 3285 dicatis
347 3222 495 3286 omnibus
512 3223 753 3308 magistratibus
775 3223 975 3288 decemviros
995 3221 1105 3306 legum
1117 3222 1165 3286 fe·
1212 3292 1215 3297 ,

166 3305 340 3368 rendarum
361 3313 392 3368 et
413 3308 461 3369 rei
504 3307 631 3381 ublicae
651 3305 894 3371 constituendae
913 3325 1011 3368 causa
1023 3308 1162 3390 paravit.

141 3388 293 3452 3Horum
340 3409 445 3473 uoque
491 3393 719 3454 ominationem
746 3398 777 3452 et
795 3387 962 3453 libidinem
984 3388 1163 3454 detestatus

167 3493 277 3536 rursus
300 3411 343 3537 ad
367 3474 514 3537 consules
535 3473 648 3556 rediit,
676 3473 779 3538 donec
800 3473 921 3537 exortis
941 3470 1038 3536 bellis
1059 3473 1195 3538 civili-ss
