2482 3960
400 237 506 282 arnna
526 237 755 286 unuonmms.
779 223 824 286 ll.
957 244 962 252 ·
1078 263 1081 269 ·
1108 230 1129 294 11

121 387 319 450 mentatione
343 387 376 448 in
389 385 556 471 'Hymetto
578 388 874 472 montesepelivit,
899 391 971 474 ipsa
992 412 1070 455 vero
1093 414 1128 455 se

121 469 292 554 suspendit
323 470 450 555 laqueo.
503 469 601 534 Oanis
627 471 671 535 ad
695 474 796 554 pedes
828 472 897 533 eius
921 473 1126 538 discumbens

121 554 243 617 diutius
271 562 303 616 et
329 553 399 615 sine
420 552 583 616 alimentis
611 553 764 617 deficiens
792 562 866 637 post
892 576 910 616 a
932 573 1008 618 uam
1030 557 1127 620 anhe-

120 637 193 700 lans
216 637 250 698 in
270 644 403 721 puteum
420 657 455 698 se
498 637 622 700 reiecit.
667 636 750 699 Turn
767 636 867 700 Liber
888 577 1005 702 alove
1023 641 1127 725 petiit,

122 719 210 806 quod
232 739 290 782 suo
310 719 446 803 imperio
470 659 664 801 defecerint,
686 722 829 783 utintor
851 721 992 785 sidorum
1014 743 1127 785 cursus

119 810 297 889 poneretur
320 802 425 949 virpo.
469 802 596 866 Icarius
625 811 733 866 autem
757 807 916 866 Arcturus
943 807 1127 868 nominatus

92 954 97 961 ,
121 896 185 967 est,
213 886 303 948 cuius
327 885 422 948 stela
443 887 699 967 cumexoritur,
729 888 898 949 continuas
919 896 1126 973 tempestates

122 970 215 1032 lacit:
238 970 328 1032 canis
349 967 516 1032 Canicula.
551 968 668 1050 Libra,
692 990 787 1054 quam
807 970 925 1033 Graeci
949 967 1050 1052 ζυγόν
1070 987 1150 1055 etp-7

120 1050 260 1137 pellant,
282 1050 379 1115 virile
404 1072 523 1115 nomen
545 1061 595 1114 est
616 1053 637 1129 †
662 1053 814 1136 adeptus:
843 1054 899 1138 qui
920 1054 1042 1137 insigni
1065 1055 1127 1118 cle·

86 1152 111 1193 ro
121 1137 242 1198 mentia
259 1144 291 1199 et
308 1135 432 1198 iustitia
450 1135 471 1211 †
490 1135 624 1199 Moches
644 1135 766 1216 dictus3
789 1137 845 1220 qui
862 1137 986 1220 primus
1009 1137 1127 1201 dicitur

119 1219 224 1283 librae
274 1217 378 1282 ondus
407 1217 591 1281 hominibus
621 1220 801 1299 invenisse,
843 1239 925 1304 quae
953 1218 1128 1283 utilissima

118 1239 310 1365 mortalihus
329 1302 542 1382 existimatur,
566 1301 704 1386 ideoque
721 1303 755 1363 in
772 1322 943 1364 numerum
960 1301 1127 1365 stellarum
1180 1376 1183 1384 Ι

119 1394 269 1470 receptus
294 1393 343 1448 est
365 1395 397 1448 et
421 1384 523 1449 Libra
544 1394 592 1447 est
614 1384 730 1448 dictus.
775 1383 943 1467 Scorpius,
967 1387 1022 1469 qui
1046 1385 1149 1454 dici-s

119 1479 173 1532 tur
208 1468 251 1531 ad
279 1469 457 1553 perniciem
485 1468 616 1533 Orionis
642 1469 678 1529 in
706 1467 815 1530 insula
844 1465 926 1531 chio
955 1469 989 1530 in
1017 1475 1126 1530 monte

86 1573 112 1616 rs
123 1551 278 1617 Pelinaeo
299 1551 466 1616 voluntate
486 1550 613 1614 Dianae
635 1560 740 1614 natus.
781 1550 883 1614 Orion
904 1560 1027 1630 autern,
1049 1550 1126 1613 dum

119 1644 274 1716 venatur,
301 1636 373 1698 visa
391 1634 500 1698 Diana
526 1642 674 1720 stuprare
699 1633 906 1699 samueluit.
951 1633 1015 1696 Illa
1039 1654 1125 1696 scor-

119 1721 250 1805 pionem
276 1717 429 1799 subiecit,
458 1718 514 1804 qui
535 1739 608 1782 eum
636 1719 704 1780 vita
724 1719 878 1803 privaret.
923 1716 984 1802 Iup
1008 1718 1070 1780 iter
1093 1725 1125 1779 et

121 1803 324 1888 scorpionem
341 1811 373 1865 et
389 1801 544 1866 Orionem
565 1803 650 1865 inter
675 1801 783 1865 sidera
806 1802 937 1885 recepit.
984 1738 1149 1884 Sagitta-9

120 1888 187 1950 rius
194 1934 203 1968 ,
229 1885 366 1967 Croton,
388 1885 474 1948 filius
490 1888 657 1965 Euphemes
674 1886 809 1948 nutricis
831 1883 1007 1965 Musarum,
1030 1903 1125 1969 quem

84 1970 236 2034 roMusae
258 1991 385 2054 semper
405 1968 588 2033 dilexerunt
611 1991 664 2048 eo,
709 1968 775 2032 uod
795 1968 911 2052 plausu
929 1977 962 2049 et
980 1967 1053 2030 lusu
1075 1987 1124 2028 sa·

120 2056 276 2138 gittarum
305 2075 359 2116 eas
386 2061 547 2116 avocaret.
590 2052 660 2115 Alii
684 1990 860 2115 &hironem
882 2051 1009 2130 dicunt,
1038 2048 1126 2133 quod

120 2141 223 2202 iustus
242 2145 273 2200 et
289 2138 377 2222 pius,
396 2136 525 2217 doetus,
546 2135 716 2220 hospitalis
734 2134 843 2196 fuerit.
875 2131 928 2195 Ab
947 2152 984 2195 eo
1002 2134 1124 2194 Aescu·

120 2221 227 2306 lapius
244 2220 453 2301 medicinam,
474 2220 619 2282 Achilles
635 2217 793 2281 citharam
811 2226 843 2279 et
861 2222 916 2278 atti
931 2214 999 2277 alia·
1013 2213 1139 2276 multa.-

122 2304 171 2369 Ca
193 2305 354 2384 ricornus‚
383 2304 435 2367 cui
455 2323 573 2366 nomen
593 2302 674 2364 Pan.
726 2299 798 2378 Quo
820 2309 963 2384 temporo
986 2295 1124 2382 Typhon
1135 2315 1167 2365 10

84 2407 111 2448 rs
122 2327 293 2473 speluncas
311 2388 456 2450 incolens
469 2388 505 2449 in
516 2394 624 2450 monte
636 2385 744 2448 Tauro
756 2385 943 2468 Aegyptum
959 2380 1123 2466 profectus

120 2481 171 2534 est
187 2471 229 2534 ad
245 2469 377 2551 bellum,
397 2469 468 2534 Pan
480 2491 514 2533 se
528 2471 563 2532 in
577 2490 694 2554 caprae
709 2467 847 2551 figuram
861 2465 1030 2530 convertit.
1060 2463 1124 2544 Igi-

118 2563 173 2617 tur
184 2553 230 2617 dii
241 2554 448 2634 immortales,
464 2561 636 2637 postquam
646 2551 838 2636 Typhonem
853 2549 953 2632 digna
962 2567 1067 2632 poena
1078 2545 1124 2607 af-

84 2660 88 2667 ·
119 2637 283 2717 iecerunt,
301 2636 393 2699 Pana
406 2646 566 2700 astrorum
576 2636 732 2699 memoria
742 2634 988 2698 decoraverunt.
1016 2631 1164 2774 Aspua-ll

118 2722 203 2801 rius,
255 2721 289 2783 ui
309 2728 440 2804 putatur
462 2741 533 2782 esse
554 2716 778 2804 Ganymedes,
805 2717 921 2781 dicitur
943 2713 1058 2777 Deuca
1071 2712 1126 2774 ion

85 2742 314 2884 ao'l'hesshlus,
345 2805 416 2889 qui,
446 2825 518 2867 curn
540 2804 681 2866 maximo
708 2800 905 2885 cataclysmo
927 2819 1000 2862 cum
1024 2815 1126 2859 uxore

119 2886 227 2972 Pyrra
253 2887 340 2951 solus
371 2889 544 2964 evasisset,
572 2885 626 2949 hic
643 2885 773 2969 pietatis
795 2903 895 2947 causa
915 2882 1000 2943 inter
1018 2879 1126 2941 sidera

119 2970 245 3034 locatus
268 2979 326 3034 est.
372 2969 500 3051 Pisces,
524 2969 597 3033 ideo
622 2967 768 3055 [pisces],
795 2966 872 3050 quia
892 2963 979 3028 bello
1001 2961 1124 3043 (11111111-
1136 2975 1168 3026 la

119 3064 189 3116 tum
199 3053 312 3117 Venus
330 3053 520 3139 perturbata
534 3055 568 3115 in
601 3053 702 3115 iscem
713 3072 747 3112 se
763 3047 1018 3144 transfiguravit,
1042 3041 1127 3105 Nam

121 3136 242 3201 dicitur
269 3139 357 3201 etin
379 3136 546 3223 Euphrate
590 3135 667 3198 uvio
694 3154 789 3195 ovum
814 3132 912 3215 piscis
940 3127 982 3165 *³³²
1009 3149 1043 3189 m
1069 3145 1128 3188 ora

84 3246 112 3288 as
119 3219 263 3284 fluminis
283 3219 431 3284 columba
449 3219 616 3283 adsedisse
636 3216 707 3279 dies
723 3215 880 3300 plurimos
899 3220 931 3274 et
948 3209 1127 3273 exclusisse

121 3303 218 3367 deam
239 3303 414 3386 benignam
430 3314 461 3366 et
477 3299 719 3365 misericordem
740 3295 924 3361 hominibus
944 3294 987 3357 ad
1006 3292 1144 3358 bonam

122 3388 235 3450 vitam.
280 3387 456 3473 Vtriusque
477 3385 650 3449 memoriae
676 3402 774 3444 causa
790 3382 895 3464 pisces
917 3374 1148 3440 intercidere

121 3469 296 3534 nobilitati.
881 3549 922 3604 1*
